3564 5588
1475 638 2057 706 -xxxv—,

504 807 540 842 <
581 781 770 848 culos
812 781 1060 846 habere
1107 799 1531 866 congressus,
1583 801 1800 867 neque
1845 781 2021 847 ullos
2070 786 2273 847 caetus
2314 780 2426 868 (l).
2473 806 2510 841 >
2548 781 2693 848 Nec
2732 787 2955 848 tamen

502 888 718 954 minus
738 888 819 954 ab
834 887 1271 953 Adlzreittero
1297 907 1492 973 quam
1514 908 1554 954 a
1575 887 1915 955 Ludovico
1938 888 2021 954 ab
2040 888 2262 967 Avila,
2285 889 2405 954 etsi
2429 889 2499 953 in
2520 891 2947 967 contrarium,

503 1001 797 1062 erratum
825 999 924 1060 est
953 1019 966 1059 ε
1001 994 1322 1081 nobisque
1350 1005 1743 1083 argumenta
1774 996 2076 1062 Annales
2112 995 2673 1082 Ingolstadienses
2696 997 2957 1083 copiose

498 1103 940 1191 suppeditant.
1996 1093 2003 1104 ¹

586 1210 782 1275 Anno
826 1208 998 1278 1523
1033 1210 1115 1276 (16
1155 1210 1280 1276 illa
1311 1211 1598 1296 primum
1639 1212 2043 1278 mentionem
2084 1211 2247 1278 fecit
2289 1209 2602 1278 Mederus
2645 1237 2681 1272 <
2721 1199 2963 1278 eximia

501 1320 664 1385 cura
703 1336 782 1383 ac
821 1317 1174 1405 vigilantia
1213 1321 1344 1404 qua
1391 1344 1427 1379 <
1467 1320 1612 1385 haec
1653 1320 1983 1386 catholica
2017 1319 2427 1385 Universitas
2464 1339 2639 1385 nova
2682 1320 2961 1384 Lutheri

504 1451 540 1486 <
572 1425 885 1511 dogmata
920 1445 1298 1511 praecavere
1343 1430 1681 1513 satageret
1716 1425 1848 1512 (2);
1891 1452 1928 1487 1>
1962 1426 2083 1491 etsi
2122 1435 2530 1512 compertum
2580 1436 2678 1492 est
2708 1446 2842 1493 non
2877 1425 2962 1491 ad

498 1533 566 1600 id
607 1542 864 1620 tempus
905 1531 1340 1599 Academiam
1392 1554 1432 1600 a
1483 1534 1887 1599 Lutheranis
1939 1534 2280 1601 erroribus
2314 1535 2651 1621 integram
2696 1533 2962 1600 omnino

501 1641 840 1707 mansisse.

587 1747 804 1824 Quum
832 1768 1004 1815 anno
1036 1746 1208 1816 1523
1239 1747 1317 1814 de
1351 1774 1386 1808 α
1415 1747 1864 1815 Contubernio
1899 1749 2222 1816 Draconis
2248 1774 2284 1810 >
2320 1753 2659 1836 ageretur,
2692 1751 2772 1816 ea
2799 1770 2961 1816 con-

500 1855 747 1924 ditione
780 1856 873 1922 M.
909 1857 947 1921 J
953 1856 1250 1923 ohannes
1284 1856 1606 1944 Agricola
1645 1857 1714 1923 in
1746 1857 2236 1925 moderatorem
2275 1858 2525 1924 electus
2556 1867 2675 1937 est,
2706 1867 2802 1937 ut,
2840 1878 2964 1924 an—

497 1969 767 2050 tequam
797 1973 1286 2030 sacramentum
1326 1970 1717 2031 consuetum
1743 1966 1826 2032 ab
1857 1966 1974 2033 illo
2006 1966 2412 2052 exigeretur,
2442 1985 2586 2031 sese
2619 1965 2701 2032 ab
2730 1964 2966 2032 Osian-

507 2071 626 2139 dro
652 2073 1122 2139 concionatore
1147 2071 1398 2139 Norico
1424 2073 1811 2174 ⁸Lutherano
1839 2073 2223 2140 abstineret.

587 2180 841 2247 Eodem
877 2199 1082 2259 anno,
1126 2180 1197 2244 in
1235 2200 1307 2245 re
1345 2181 1552 2247 multo
1590 2182 1883 2268 graviori
1926 2180 2261 2247 laboravit
2303 2179 2669 2248 Academia
2708 2205 2723 2247 z
2766 2201 2966 2267 quum

504 2288 679 2356 enim
705 2288 1021 2375 magister
1046 2287 1314 2373 quidam
1332 2286 1596 2354 Artium
1615 2293 1682 2354 et
1700 2288 2166 2374 Philosophiae,
2190 2289 2537 2356 Arsacias
2551 2289 2964 2374 Seehoferus

504 2396 721 2462 multa
766 2416 802 2460 e
841 2393 1132 2481 Philippi
1171 2394 1707 2462 Melanchthonis
1743 2397 2148 2463 novitatibus
2194 2398 2679 2484 assumpsisset,
2729 2400 2797 2461 et
2848 2416 2967 2462 seu

501 2501 805 2582 dicend0,
838 2523 957 2569 seu
979 2501 1352 2582 scribendo,
1388 2502 1756 2569 doctrinam
1782 2524 2024 2571 novam
2044 2509 2467 2593 propagaret,
2498 2503 2767 2570 decreto
2792 2503 2968 2570 Rec-

502 2611 662 2677 toris
693 2619 1090 2696 senatusque
1118 2609 1503 2691 Academici
1527 2611 1597 2676 in
1629 2611 1995 2678 custodiam
2026 2617 2127 2678 est
2159 2613 2461 2679 tradituS.
2496 2613 2615 2677 Die
2648 2608 2691 2676 7
2725 2611 2967 2676 mensis

503 2717 914 2806 septembriS,
957 2737 1182 2786 coram
1210 2722 1445 2784 senatu
1477 2739 1518 2784 a
1543 2720 1803 2786 notario
1833 2720 2300 2786 Universitatis
2328 2716 2409 2786 17
2440 2719 2704 2785 articuli
2725 2721 2969 2807 magna

499 2847 665 2893 voce
716 2827 882 2894 lecti
935 2830 1112 2909 sunt,
1151 2848 1312 2915 quos
1355 2827 1716 2894 Seehofero
1762 2829 2110 2895 haereticos
2149 2849 2290 2895 esse
2331 2828 2629 2895 confiteri
2673 2837 2738 2893 et
2770 2828 2963 2916 jure-

496 2934 785 3022 jurando
845 2955 1166 3005 revocare
1211 2956 1485 3003 necesse
1543 2936 1668 3001 fuit
1725 2960 1738 3002 ε
1813 2961 1848 2996 ‹
1892 2936 2037 3002 Hac
2099 2938 2299 3001 etiam
2356 2938 2554 3023 poena
2601 2934 2715 3021 ‘illi
2768 2954 2965 3001 cons-⁵

505 3067 541 3102 <
587 3044 784 3109 tituta
835 3052 908 3107 ut
954 3044 1289 3129 reliquum
1335 3045 1489 3109 vitae
1531 3046 1795 3130 tempus
1850 3043 1921 3109 in
1965 3043 2293 3109 Ettalensi
2338 3044 2663 3110 asceterio
2726 3062 2964 3109 consu-
3086 3129 3089 3133 Ι

501 3155 737 3215 meret.
781 3176 816 3210 »

589 3256 786 3324 Anno
809 3258 1208 3345 insequenti,
1237 3278 1440 3344 quum
1468 3259 1805 3324 Lutherus
1826 3258 1907 3325 ab
1933 3257 2313 3324 Academiae
2337 3258 2596 3345 injuriis
2620 3255 2701 3323 17
2720 3256 2959 3325 Seeho·

500 3363 630 3429 feri
660 3366 974 3433 articulos
1009 3360 1348 3433 vindicare
1388 3376 1557 3433 esset
1600 3386 1973 3453 aggressuS,
2018 3365 2145 3430 fuit
2182 3367 2253 3431 in
2286 3364 2574 3431 medium
2612 3384 2721 3431 res
2759 3385 2957 3431 revo-

503 3480 674 3539 cata.
703 3474 1070 3541 Lutherum
1091 3474 1404 3541 Mederus
1433 3475 1697 3541 incusat
1727 3473 1904 3559 quod
1931 3473 2235 3539 libellum
2265 3478 2498 3539 contra
2525 3472 2960 3539 Academicos

503 3580 808 3647 convitiis
836 3582 1158 3648 refertum
1201 3580 1517 3665 ediderit3
1555 3580 2244 3671 Ingolstadiensesque
2283 3580 2606 3667 Theologi
2644 3580 2854 3646 fusius
2892 3585 2960 3646 et

503 3687 815 3754 insulsius
845 3690 1178 3776 explicata
1207 3688 1571 3756 eruditione
1610 3689 1714 3754 usi
1745 3692 1941 3771 sunt,
1981 3688 2063 3754 de
2094 3686 2596 3766 consuetudine,
2639 3687 2954 3753 Marstal-

502 3794 688 3860 lerus
724 3794 849 3862 100
891 3822 926 3857 ‹
957 3796 1037 3862 de
1060 3798 1223 3863 vera
1249 3796 1558 3862 libertate
1596 3796 1956 3863 christiana
1988 3822 2051 3874 ι»,
2088 3794 2366 3881 Apelles
2391 3793 2477 3861 70
2514 3794 2593 3860 de
2616 3792 2769 3874 fide,
2810 3816 2949 3880 spe,

505 3903 777 3968 caritate
788 3953 920 3970 .....
951 3905 1426 3972 conclusiones,
1442 3907 1952 3990 proposuerunt,
1983 3904 2477 3988 Lutherumque
2509 3901 2596 3967 ad
2616 3901 2953 3988 publicam

504 4007 1013 4095 disputationem
1038 4012 1484 4098 appellarunt.
1519 4010 1736 4086 Quum
1769 4010 2053 4097 denique
2082 4015 2422 4076 certamen
2447 4008 2947 4088 accenderetur,

502 4117 818 4204 vulgique
857 4119 1108 4185 animos
1137 4119 1546 4201 sollicitaret,
1583 4119 1949 4185 vernaculo
1991 4138 2292 4184 sermone
2328 4117 2605 4203 vulgata
2638 4126 2734 4181 est
2763 4116 2949 4182 refu-

503 4216 691 4304 tatio,
735 4234 800 4290 et
827 4227 1318 4313 pronuntiatum
1354 4230 1455 4292 est
1485 4226 1750 4291 nullum
1781 4225 2259 4291 Academicum
2294 4223 2753 4290 de‘Seehoferi
2789 4223 2947 4287 arti-

507 4331 674 4397 culis
693 4331 896 4399 fuisse
927 4339 1461 4413 commentatum,
1493 4354 1619 4399 nec
1645 4338 1828 4399 metu
1859 4334 2089 4400 mortis
2126 4332 2558 4398 Seehoferum
2584 4330 2668 4396 ad
2690 4334 2946 4395 retrac-

505 4440 817 4505 tationem
866 4440 1067 4507 fuisse
1125 4441 1506 4508 adductum.
1571 4441 1608 4506 J
1616 4462 1719 4507 am
1778 4461 1955 4507 anno
2014 4439 2185 4506 1523
2238 4439 2589 4509 consilium
2658 4437 2949 4524 speciale

615 4679 666 4735 1.
706 4678 1243 4739 Adlzreitterdbid.

611 4762 665 4817 2.
706 4762 990 4831 Mederer,
1011 4762 1060 4831 I,
1092 4779 1149 4835 p.
1177 4763 1298 4819 118.
