3564 5588
504 724 690 780 erant
715 715 1031 801 magistri,
1070 713 1249 779 omni
1285 712 1454 790 Viae,
1487 715 1869 798 opinionum
1908 725 1970 780 et
2011 724 2207 780 sectae
2252 715 2627 783 discrimine
2682 721 2938 786 remoti.

503 823 948 908 Prescriptum
980 831 1077 886 est
1103 830 1175 886 ut
1198 821 1393 885 unius
1427 820 1687 898 decani,
1715 823 2043 906 uniusque
2074 822 2336 892 senatus
2382 821 2645 890 ditionis
2679 825 2826 891 Viae
2872 828 2941 892 in

500 939 832 1016 posterum
855 937 1093 1006 essent,
1135 927 1502 1014 eodemque
1528 925 1875 994 uterentur
1903 931 2161 996 aerario.

511 1073 518 1080 ·
588 1032 741 1104 Non
767 1046 987 1101 tamen
1024 1033 1328 1114 decretis»,
1371 1037 1568 1100 etiam
1607 1036 2062 1116 consideratis,
2096 1057 2209 1103 res
2238 1039 2308 1102 in
2346 1038 2583 1103 melius
2628 1038 2945 1106 mutanda

387 1159 396 1166 “
504 1153 668 1210 erat.-
681 1144 780 1208 Ea
801 1151 1050 1207 tantum
1069 1141 1446 1208 conditione
1464 1143 1668 1209 animi
1686 1163 1798 1208 eas
1810 1144 2240 1209 scholasticas
2252 1144 2477 1211 sordes
2494 1146 2937 1231 expellerent,
2962 1207 2973 1216 .

502 1253 556 1316 si
585 1269 772 1316 novae
800 1249 1267 1316 Humanis-mi
1299 1249 1663 1336 disciplinae
1699 1259 1765 1314 et
1804 1251 1873 1315 in
1908 1249 2131 1316 lucem
2158 1269 2397 1316 recens
2430 1251 2755 1318 editorum
2787 1271 2945 1338 ope-

501 1377 646 1422 rum
689 1355 903 1423 studio
947 1375 1018 1421 se
1065 1357 1522 1444 applicarent,
1558 1375 1686 1422 nec
1713 1357 1923 1422 semel
1948 1359 2275 1446 posterius
2325 1358 2575 1424 Reales
2606 1368 2671 1423 et
2713 1355 2944 1425 Nomi-

499 1465 690 1528 nales
743 1463 1174 1528 Academiam
1244 1463 1746 1529 conturbarunt.
1822 1463 2021 1528 Anno
2086 1461 2289 1542 1498,
2364 1465 2437 1528 in
2507 1464 2946 1550 disputatione

499 1569 778 1654 quadam
799 1569 1090 1655 publica,
1108 1589 1308 1654 quum
1334 1567 1464 1636 duo
1488 1570 1735 1635 Reales
1752 1569 2127 1655 philosophi
2143 1570 2365 1636 verbis
2386 1571 2716 1636 Facultati
2733 1571 2945 1638 Artis-

499 1676 644 1741 ticae
671 1677 898 1740 invisis
930 1675 1030 1740 usi
1053 1685 1290 1755 essent,
1329 1675 1414 1742 de
1451 1677 1708 1763 integro
1735 1678 1807 1742 in
1838 1675 2008 1742 duas
2030 1686 2249 1763 partes
2276 1687 2613 1744 certamen
2640 1687 2943 1746 exortum

501 1792 619 1860 est,
655 1793 720 1847 et
753 1782 1053 1848 doctores
1080 1783 1118 1848 J
1122 1782 1600 1852 urisconsultos
1636 1783 2153 1870 praefectumque
2183 1769 2387 1864 urbis,
2427 1803 2497 1850 se
2534 1785 2604 1849 in
2637 1783 2947 1872 pacifica-

499 1892 741 1956 tionem
773 1891 1196 1975 interponere
1227 1893 1511 1976 oportuit
1543 1889 1652 1976 (l).
1856 1905 1859 1908 ’
2798 1911 2807 1920 ·

587 1998 781 2064 Anno
834 1994 1002 2062 1507
1041 1997 1315 2062 discidia
1346 1986 1804 2084 redintegrata
1844 2009 2027 2077 sunt,
2078 2018 2207 2065 nec
2249 2008 2471 2064 tamen
2498 1999 2938 2076 in-Artisticfi‚

499 2103 615 2169 sed
648 2106 715 2169 in
744 2105 1148 2191 Theologica
1174 2105 1521 2170 Facultate
1561 2103 1673 2191 (2),
1706 2117 2018 2190 tanquam
2059 2125 2101 2170 a
2136 2105 2619 2191 professoribus
2656 2105 2847 2172 novis
2882 2115 2946 2186 et

499 2231 672 2276 novo
695 2212 1054 2297 lectionum
1082 2230 1328 2297 genere
1353 2213 1422 2275 in
1439 2212 1676 2276 melius
1697 2213 2358 2304 immutataArtistica
2369 2212 2679 2277 Facultas
2688 2211 2946 2277 eanihil

491 2319 630 2406 jam
656 2317 740 2383 ad
767 2337 838 2384 se
865 2319 1142 2383 attinere
1168 2319 1592 2384 existimaret.
1612 2318 1690 2382 In
1719 2319 1965 2384 Reales
1988 2329 2053 2384 et
2076 2320 2465 2386 Nominales
2490 2317 2811 2406 Theologi
2832 2318 2955 2383 ‹ie-⁶

500 2424 680 2490 ducti
711 2411 882 2503 sunt,
918 2439 1154 2509 resque
1189 2425 1348 2489 tanti
1380 2425 1504 2490 fuit
1538 2435 1609 2489 ut
1637 2424 1720 2489 ab
1756 2428 1897 2511 ipso
1937 2425 2118 2490 Duce
2157 2425 2507 2511 disputatio
2542 2425 2743 2492 fuerit
2777 2425 2945 2490 diri·-

499 2531 762 2596 menda.
811 2529 1027 2617 Prope
1068 2540 1164 2596 est
1205 2531 1453 2596 factum
1491 2539 1564 2594 ut
1593 2531 1841 2596 Roales
1880 2551 1967 2596 ex
1998 2531 2363 2596 Academia
2405 2532 2939 2617 expellerentur3

499 2658 699 2723 quum
736 2646 957 2702 tamen
995 2617 1428 2704 memoratum
1461 2637 1690 2703 fuisset
1715 2639 1972 2732 ‘multos
2016 2639 2200 2716 olim,
2238 2640 2434 2718 etiam
2463 2638 2728 2714 RealeS,
2774 2638 2947 2702 inter

496 2753 754 2811 sanctos
785 2752 1249 2811 annumeratos
1278 2744 1508 2823 fuisse,
1540 2746 1735 2811 cessit
1767 2745 2027 2811 seditio.
2059 2745 2343 2813 Nullum
2367 2746 2693 2833 postea-in
2715 2743 2943 2809 Anna-

494 2852 668 2917 libus
695 2850 950 2917 discidii
991 2852 1188 2940 hujus
1218 2854 1569 2938 vestigium
1591 2862 1886 2938 apparet,
1916 2854 2157 2939 quippe
2180 2870 2380 2937 quum
2404 2862 2661 2938 tempus
2682 2853 2945 2938 gravio-

499 2978 643 3023 rum
671 2960 1103 3024 certaminum
1137 2960 1714 3053 appropinquaret.

585 3066 730 3140 Quo
753 3066 1011 3131 scilicet
1045 3085 1218 3131 anno
1245 3084 1422 3131 nova
1451 3064 1812 3131 studiorum
1842 3066 2009 3131 ratio
2036 3068 2107 3130 in
2142 3060 2648 3153 Ingolstadiensi
2675 3063 2942 3131 Acad'e-

500 3173 632 3238 mia
666 3172 867 3237 fuerit
904 3172 1429 3251 accommodata,
1471 3174 1660 3238 nullo
1693 3167 1889 3238 modo
1918 3158 2128 3258 potest
2164 3174 2491 3250 constitui,
2530 3188 2730 3256 quum
2762 3173 2947 3236 istius

499 3278 674 3343 modi
701 3280 1244 3345 commutationes
1267 3288 1456 3344 aetate
1477 3288 1726 3345 tantum
1751 3280 2007 3345 diutina
2029 3277 2525 3345 confirmentur.
2558 3278 2625 3343 Si
2656 3277 2814 3362 quid
2852 3296 2945 3342 ‘ex

499 3385 619 3450 illo
649 3384 1044 3457 documento
1061 3385 1391 3472 conjicere
1418 3386 1576 3451 licet
1599 3386 1772 3470 quod
1796 3386 1985 3451 nobis
2013 3386 2323 3465 Mederus
2344 3384 2715 3451 tradiderit:
2752 3385 2947 3448 ‹Ma-
3032 3444 3051 3451 -

502 3518 538 3550 ‹
574 3493 756 3581 gistri
792 3500 1138 3576 sequentes
1178 3491 1603 3559 obtinuerunt
1637 3512 1757 3578 per
1794 3494 2189 3559 electionem
2228 3492 2594 3558 ordinarias
2624 3492 2947 3569 lectiones

503 3625 537 3660 ‹
571 3600 970 3686 principales
999 3608 1309 3684 quatuor,
1353 3600 1520 3664 alias
1546 3620 1706 3665 vero
1740 3620 1869 3685 per
1904 3610 2145 3666 sortem
2175 3601 2370 3686 juxta
2400 3598 2943 3664 consuetudinem

503 3731 537 3766 ‹
575 3714 638 3770 et
657 3705 927 3772 decreta
957 3706 1228 3793 collegii
1256 3707 1652 3772 Artistarum
1679 3706 1792 3792 (3),
1825 3732 1859 3767 ›
1893 3724 2091 3791 quum
2116 3707 2205 3772 33
2232 3707 2575 3793 magistros
2590 3702 2781 3771 nobis
2814 3730 2850 3762 α
2874 3706 2945 3767 in

502 3838 538 3870 α
573 3812 926 3877 Aristotele
942 3808 1350 3877 frustillatim
1379 3813 1815 3900 discerpendo
1836 3838 1873 3873 >
1902 3823 2257 3901 occupatos
2280 3812 2590 3877 Mederus
2610 3810 2937 3889 ostendat,

499 3928 563 3983 et
599 3917 829 3986 eadem
858 3920 1064 3983 series
1100 3919 1584 3985 ordinariorum
1614 3920 1938 3987 librorum
1979 3918 2523 4005 investigantibus
2559 3917 2746 3983 1i0bis
2779 3913 2941 3983 offe-

499 4034 683 4089 ratur
714 4050 726 4089 :
777 4050 811 4085 ‹
840 4025 1062 4090 Parva
1086 4025 1402 4112 logicalia
1425 4064 1510 4075 —-
1544 4027 1758 4093 Vetus
1790 4031 1896 4092 ars
1928 4065 2013 4075 —
2044 4027 2380 4092 Eticorum
2424 4062 2509 4073 -—
2538 4024 2944 4089 Elencorum

499 4167 582 4177 —-
624 4132 840 4221 Majus
882 4132 1220 4198 Volumen
1283 4133 1609 4198 Prisciani
1657 4172 1741 4181 —
1780 4134 2197 4221 Algorismus
2252 4154 2335 4179 —·-
2381 4132 2460 4199 de
2504 4114 2943 4197 Generatione

501 4247 564 4302 et
597 4240 1014 4324 corruptione
1025 4288 1158 4303 .....
1193 4264 1227 4298 >
1265 4240 1430 4304 nihil
1463 4240 1544 4305 ab
1579 4261 1749 4315 anno
1781 4238 1951 4307 1472
1983 4241 2394 4305 immutatum
2424 4238 2623 4325 fuisse
2655 4235 2945 4319 videtur.

611 4506 660 4559 1.
698 4502 985 4567 Rotmar.,
1017 4521 1111 4559 an.
1141 4504 1304 4563 1498.
1379 4512 1386 4515 “

604 4582 659 4637 2.
697 4582 984 4649 Rotmar„
1015 4582 1064 4647 Ι,
1090 4600 1147 4655 p.
1177 4586 1266 4642 73.
1341 4632 1344 4637 .

611 4661 661 4716 3:
703 4662 984 4731 Mederer,
1016 4663 1064 4731 1,
1091 4667 1180 4733 40,
1213 4680 1362 4721 anno
1397 4666 1552 4724 1492.
