3564 5588
1391 620 1475 634 —-
1520 603 1741 652 van
1788 621 1872 634 —-
1935 574 1941 580 ’

412 745 726 814 encomiis
774 743 1052 814 annales
1081 743 1328 815 referti*
1351 753 1525 813 sunt.
1577 745 1874 814 Primum
1923 747 2097 818 inter
2138 747 2291 816 illos
2338 744 2591 814 obtinet·
2624 747 2849 818 locum

409 852 863 940 EisengrinuS.

499 959 644 1028 Nec
671 967 892 1026 tamen
912 960 1142 1025 Patres
1167 958 1358 1026 modo
1388 958 1773 1026 Academici
1798 960 1885 1027 ad
1912 963 2259 1028 arctiorem
2282 963 2472 1029 illam
2490 962 2851 1030 Catholicae

411 1065 564 1138 fidei
585 1065 1068 1134 observantiam
1095 1065 1507 1134 inclinabant
1532 1091 1545 1132 :
1575 1067 1841 1153 spiritus
1866 1067 2131 1135 eosdem
2158 1070 2329 1147 Dux,
2364 1079 2429 1136 et
2458 1071 2569 1156 qui
2596 1070 2853 1136 circum

412 1175 662 1242 Ducem
684 1172 1116 1240 versabantur
1141 1172 1484 1261 gerebant,
1514 1182 1580 1240 et
1609 1174 2070 1261 praecellentes
2100 1175 2335 1262 opibus
2368 1186 2437 1244 et
2466 1177 2853 1244 auctoritate

409 1282 739 1367 Fuyyeri
784 1281 1009 1348 solerti
1051 1280 1294 1354 Canisii
1331 1283 1536 1368 opera
1577 1282 1886 1349 acerrimi
1920 1283 1958 1348 J
1964 1284 2323 1368 esuitarum
2364 1284 2661 1352 fautores
2698 1304 2855 1354 eva·

411 1393 636 1457 serant
657 1387 770 1476 (1).
803 1389 1018 1464 Quum
1045 1389 1346 1474 plerique
1371 1389 1464 1455 ita
1488 1397 1707 1455 essent
1727 1390 2019 1469 animati,
2052 1391 2402 1478 instigante
2415 1391 2487 1458 S.
2506 1391 2719 1460 Eckio
2735 1390 2849 1479 (2),

411 1499 648 1566 iterum
679 1515 852 1564 anno
891 1494 1085 1575 1578,
1109 1495 1206 1562 -ab
1234 1495 1734 1581 Inquisitoribus
1774 1497 2061 1564 Bavaria
2093 1506 2229 1564 tota
2262 1498 2545 1566 lustrata
2582 1503 2705 1578 est,
2740 1498 2855 1585 qui

410 1602 704 1672 funditus
739 1604 1156 1678 Lutheranas
1179 1607 1404 1690 partes
1431 1604 1913 1691 opprimerent3
1946 1625 2027 1671 eo
2048 1605 2457 1692 potissimum
2484 1606 2763 1674 consilio
2783 1614 2859 1672 ut

411 1709 949 1798 Ingolstadiensis
979 1709 1343 1778 Academia
1370 1710 1454 1777 ab
1487 1711 1740 1778 incerto
1775 1731 2035 1798 quoque
2064 1712 2539 1780 vindicaretur.
2567 1713 2669 1780 Ea
2686 1717 2857 1780 tem-

409 1826 681 1908 pestate,
710 1819 1216 1886 Mathematicus
1239 1817 1641 1906 Philippus
1667 1819 2049 1906 Appianus
2080 1819 2163 1888 ab
2198 1819 2605 1909 Ingolstadio
2644 1819 2857 1888 disce·-

411 1925 568 1994 dere
605 1934 874 1992 coactus
907 1934 1027 1992 est.

495 2034 596 2100 Ea
633 2033 940 2113 visitatiO,
979 2042 1054 2100 ut
1082 2034 1378 2102 Rotmari
1415 2032 1694 2100 verbum
1729 2054 2148 2121 usurpemus»,
2194 2060 2229 2095 ‹
2274 2056 2311 2101 e
2338 2035 2669 2122 primariis
2696 2034 2858 2104 civi-

412 2167 448 2206 «
494 2141 732 2208 tatibus
761 2139 845 2208 ad
869 2140 1187 2208 inferiora
1211 2141 1409 2208 etiam
1433 2140 1678 2228 oppida
1703 2142 2055 2228 omniaque
2080 2142 2384 2221 castella,
2416 2142 2623 2222 vicos,
2650 2161 2862 2230 pagos

414 2275 450 2314 α
497 2258 562 2316 et
595 2250 892 2336 singulos
917 2268 1089 2336 pene
1118 2249 1416 2316 Bavariaa
1453 2250 1736 2336 angulos
1771 2250 2107 2336 pertinuit.
2143 2274 2180 2311 >
2218 2249 2308 2318 At
2346 2250 2404 2316 si
2438 2250 2581 2335 quis
2612 2249 2683 2316 in
2718 2249 2857 2316 Lu-

411 2357 704 2425 theranis
725 2355 1020 2443 partibus
1047 2365 1393 2443 perstaret,
1433 2381 1469 2418 ‹
1496 2357 1700 2422 salvis
1736 2356 1923 2422 illius
1960 2356 2175 2436 bonis,
2210 2377 2297 2422 ne
2330 2357 2630 2445 tyrannis
2664 2357 2855 2424 insti·

416 2489 452 2528 ‹
502 2473 644 2531 tuta
673 2463 1035 2543 videretur,
1083 2490 1119 2525 ›
1158 2484 1197 2531 e
1227 2464 1514 2530 Bavaria
1551 2463 2037 2531 excludebatur
2065 2464 2177 2552 (3).

503 2572 582 2640 In
597 2569 962 2640 Academia
983 2571 1496 2659 Ingolstadiensi
1516 2572 1831 2638 restitutis
1851 2572 1889 2637 J
1894 2571 2119 2638 esuitis
2141 2572 2425 2659 amplior
2450 2573 2647 2638 etiam
2662 2591 2861 2658 quam

416 2687 611 2748 antea
641 2680 998 2748 auctoritas
1027 2679 1326 2766 contigit.
1363 2677 1562 2746 Anno
1601 2679 1776 2746 enim
1828 2676 2023 2758 1576,
2072 2697 2265 2746 novae
2302 2677 2705 2746 fundationis
2742 2679 2861 2747 lit·-

413 2796 574 2857 terae
612 2796 765 2855 sunt
797 2806 1152 2867 concessae,
1207 2784 1464 2873 quibuS,
1501 2796 1574 2855 ut
1605 2806 1724 2874 pro
1764 2787 2023 2855 ratione
2058 2787 2129 2853 in
2162 2785 2645 2875 rempublicam
2679 2787 2859 2875 posi-

411 2904 628 2965 torum
677 2894 1151 2963 beneficiorum
1212 2895 1540 2981 Principis
1593 2895 1981 2981 largitiones
2032 2903 2462 2981 augerentur,
2522 2894 2623 2961 bis
2672 2894 2861 2961 mille

416 3003 756 3091 quingenti
799 3000 1203 3069 florenorum
1245 3001 1450 3068 additi
1487 3010 1670 3081 sunt,
1719 3011 1792 3067 ut
1822 3001 2183 3089 possideret
2216 3002 2577 3089 collegium
2610 3002 2861 3089 stipen-

415 3109 596 3177 dium
645 3119 925 3196 quatuor
976 3110 1162 3177 mille
1214 3107 1618 3176 florenorum
1663 3110 2141 3177 Rhenensium.
2209 3108 2527 3176 Institutas
2584 3112 2741 3177 sunt
2792 3110 2863 3175 in

418 3217 650 3297 eodem
703 3218 992 3305 collegio
1052 3242 1088 3279 α
1141 3217 1326 3304 pleni
1383 3202 1778 3305 Paedagogii·
1816 3216 2063 3285 scholae
2111 3216 2605 3285 absolutissimae
2637 3240 2729 3297 .»,
2789 3225 2866 3283 ut

418 3326 602 3412 quasi
645 3324 893 3412 duplex
944 3326 1310 3393 studiorum
1361 3325 1524 3392 ordo
1577 3324 1937 3391 haberetur
1991 3350 2005 3389 ε
2060 3323 2123 3391 1⁰
2172 3323 2256 3390 ad
2306 3344 2419 3391 eos
2468 3321 2863 3401 erudiendos

417 3434 552 3519 qui,
595 3433 862 3520 ingenio
899 3433 1202 3513 fortuniS,
1247 3433 1549 3501 doctrina
1579 3420 1977 3499 eminentem
2010 3433 2235 3499 locum
2272 3432 2531 3518 assequi
2570 3441 2855 3520 possent,

417 3540 696 3627 ideoque
731 3542 853 3627 ipsi
877 3541 1200 3609 Ecclesiae
1225 3550 1292 3607 et
1313 3524 1726 3628 Reipublicae
1757 3540 2145 3608 Christianae
2172 3538 2349 3619 bono
2379 3544 2635 3623 essent3
2670 3539 2741 3609 2⁰
2774 3540 2863 3607 ad

418 3648 572 3714 illos
607 3649 718 3734 qui
753 3672 789 3709 α
827 3650 1142 3716 tenuioris
1170 3648 1452 3715 fortunae
1481 3657 1594 3715 aut
1623 3647 1714 3729 ‚ob
1743 3648 2017 3747 originis
2034 3635 2391 3726 vilitatem,
2426 3671 2463 3708 >
2495 3646 2577 3714 ad
2602 3647 2863 3713 rurales

421 3755 810 3833 ParochiaS,
861 3756 1218 3822 conciones
1261 3760 1328 3822 e't
1372 3756 1527 3854 ali&
1552 3757 1622 3823 in
1673 3748 2049 3842 Republica
2091 3755 2350 3821 minora
2398 3752 2616 3829 officia
2658 3772 2863 3841 pecu-

420 3862 676 3929 liariter
726 3862 1240 3929 informarentur
1269 3862 1382 3949 (4).
1503 3863 1629 3882 “⁴“
1649 3876 1662 3881 ··

510 3969 699 4036 Adeo
725 3979 948 4036 tamen
973 3970 1044 4035 in
1078 3970 1376 4037 docendo
1401 3971 1636 4037 Patres
1659 3969 2085 4037 excellebant
2106 3978 2181 4036 ut
2212 3970 2397 4038 circa
2416 3989 2663 4053 annum
2692 3968 2863 4038 1585

424 4076 707 4161 quodam
757 4075 950 4143 modo
997 4085 1370 4143 vastaretur
1403 4076 1897 4164 Paedagogium.
1936 4077 2176 4155 Quum,
2208 4092 2383 4143 anno
2420 4075 2621 4157 1576,-
2648 4076 2861 4144 colle-

425 4166 604 4253 gium
629 4185 876 4234 novum
903 4166 1252 4232 fundatum
1280 4170 1474 4245 esset,
1507 4165 1976 4254 Paedagogium
1997 4167 2267 4233 Jesuitae
2289 4166 2479 4234 laicis
2504 4170 2867 4255 praecepto-

533 4487 582 4544 1.
624 4486 911 4543 Raderus.
943 4487 1096 4544 Vita
1123 4486 1370 4559 Canidi,
1389 4487 1584 4561 .p.·94.

528 4566 584 4623 2.
623 4567 888 4639 Rotmar,
917 4563 997 4638 11,
1023 4567 1109 4625 41.

533 4647 588 4704 3.
625 4648 777 4705 Ibid.
1241 4680 1244 4683 ⁴

537 4728 584 4785 4.
628 4732 878 4799 κῶπαι,
906 4728 1016 4801 IV,
1047 4728 1308 4787 348-349.
