3564 5588
1499 591 1583 606 -·-·
1628 575 1926 623 XXXVII
1973 593 2056 608 -·

559 718 634 782 ut
674 717 1085 784 Leonardus
1113 705 1468 784 ,Fuch'sius
1486 717 1820 804 professor
1851 718 2201 785 Medicinae
2234 719 2539 794 eximius,
2575 739 2794 805 quem,
2829 742 3004 787 anno

566 824 736 892 1553
763 827 842 892 L.
881 826 1129 892 Eckius
1156 825 1634 914 Ingolstadium
1674 826 2169 893 advocaverat.'
2192 827 2409 902 Quum
2454 829 2746 895 Luth‘ero
2777 831 3003 895 intime

557 933 818 1018 faveret
845 930 958 1022 (1),
996 933 1365 1021 Tubingam
1404 935 1607 1021 paulo
1635 943 1780 1022 post
1827 955 1896 1000 se
1943 937 2244 1022 recipere
2308 945 2574 1002 coactus
2624 941 2743 1013 est,
2785 938 3005 1023 ibique
3122 927 3129 932 ’

559 1039 649 1110 33
709 1060 936 1120 annOS,
997 1040 1109 1106 vel
1172 1041 1589 1114 inimicorum
1631 1062 1983 1120 consensu,
2028 1043 2269 1129 magna
2302 1063 2454 1109 cum
2484 1042 2688 1108 laude
2720 1042 3037 1122 edocuit,·

561 1173 598 1210 ‹
647 1147 1036 1214 immortalis
1092 1148 1287 1214 etiam
1342 1149 1410 1214 in
1463 1149 1676 1235 patria.
1713 1151 1835 1216 sua
1872 1149 2157 1229 futuruS,
2204 1150 2331 1214 nisi
2374 1151 2768 1237 religionem
2818 1150 3006 1216 dese·
3082 1201 3089 1206 .

555 1256 816 1322 ruisset.
853 1282 888 1317 »
2730 1253 2741 1262 ’

648 1362 746 1429 Ob
803 1363 1106 1430 eamdem
1177 1385 1446 1431 causam
1500 1365 1834 1452 professor
1890 1363 2179 1451 inclytus
2263 1364 2551 1450 Viylius
2594 1365 3013 1432 sz’chenus

556 1470 986 1559 (praecipuum
1035 1472 1304 1560 collegii
1346 1473 1978 1540 Jurisconsultorum
2032 1468 2258 1558 decus)
2302 1491 2501 1557 quum
2545 1491 2719 1538 anno
2766 1471 2936 1539 1540
2974 1493 3015 1538 a

555 1578 935 1666 Margravio
967 1579 1552 1667 Brandeburgensi
1576 1581 1613 1645 J
1618 1579 1923 1646 oachimo
1954 1578 2269 1644 invitatus
2300 1587 2471 1644 esset
2493 1588 2564 1644 ut
2583 1580 2740 1666 jura
2767 1581 2819 1644 F
2824 1599 3012 1645 ranc-

553 1685 712 1750 furti
744 1685 1040 1764 doceret,
1075 1684 1310 1752 oblat-at¹
1331 1687 1651 1774 dignitate
1681 1685 2013 1763 abstinuit,
2063 1704 2146 1751 ne
2180 1685 2261 1751 ab
2310 1685 2740 1772 IngolstadiO,
2780 1687 3011 1753 catho-

551 1792 704 1858 licae
731 1791 886 1858 fidei
924 1794 1166 1859 eximia
1197 1793 1376 1872 sede,
1423 1777 1902 1881 digrederetur.

653 1899 864 1968 Vicus
912 1901 1462 1980 Amerbachius,
1511 1901 1943 1988 philosophiae
1982 1902 2349 1989 professor,
2401 1903 2513 1987 qui
2561 1901 2672 1967 diu
2718 1903 3012 1968 Witten-

559 2007 780 2095 bergae
818 2009 1157 2086 docuerat,
1199 2008 1419 2094 ibique
1449 2029 1726 2077 uxorem
1758 2008 2062 2088 duxerat,
2102 2010 2598 2093 Lutherumque
2632 2008 3018 2094 aliquandiu

552 2125 696 2180 erat
763 2126 1076 2195 sectatus,
1138 2117 1559 2203 Eystettense
1621 2117 1906 2203 primum
1969 2117 2410 2203 gymnasium,
2470 2115 2707 2181 deinde
2746 2115 3012 2182 Acade-

559 2224 800 2290 micam
829 2288 834 2292 ,
862 2223 1460 2312 Ingolstadiensem
1523 2221 1917 2310 demigravit
1974 2248 1988 2288 ε
2062 2223 2218 2288 item
2282 2224 2376 2287 uti
2449 2221 2812 2308 Cochloeus
2870 2225 3009 2307 qui,

556 2350 756 2416 quum
811 2331 1108 2396 Luthero
1156 2329 1572 2409 Wormatiae,
1625 2329 2030 2416 Ratisponae,
2108 2328 2556 2416 Augustaeque
2630 2328 3011 2408 obstitisset,

549 2437 616 2502 in
653 2437 953 2502 Bavariae
987 2457 1211 2502 arcem
1245 2435 1568 2522 confugit.

641 2544 960 2608 Attamen
1015 2542 1192 2608 haud
1246 2552 1378 2608 tam
1446 2542 1891 2627 professorum
1946 2542 2183 2629 saepius
2242 2542 2581 2608 immutata
2639 2540 3023 2636 conditione·

554 2669 749 2735 quam
788 2650 1077 2736 ipsarum
1111 2649 1625 2714 Academiarum
1668 2647 1941 2715 discidio
1973 2653 2041 2714 et
2074 2650 2260 2734 quasi
2292 2648 2639 2714 schismate
2686 2647 3015 2715 detinetur

554 2759 836 2825 animuS.
895 2757 1000 2823 Ab
1059 2777 1236 2824 anno
1295 2755 1464 2824 1520
1521 2756 1605 2823 ad
1647 2754 1817 2823 1530
1863 2776 1944 2823 ea
1987 2757 2055 2822 in
2110 2755 2273 2822 duas
2306 2765 2531 2844 partes
2572 2754 2885 2823 absoluta·
2918 2765 3014 2822 est

561 2864 936 2951 diremptio.
992 2864 1100 2931 Ad
1151 2885 1294 2930 rem
1356 2875 1538 2930 recte
1597 2863 2047 2930 aestimandam
2107 2865 2389 2929 multum
2442 2865 2889 2951 ea‘pertinent
2930 2862 3011 2930 de

558 2972 796 3057 quibus
820 2973 1174 3039 Rotmarus
1204 2975 1272 3038 in
1303 2994 1380 3038 eo
1417 2973 1629 3059 capite
1672 2972 2073 3050 disseruerit,
2105 2972 2211 3037 cui
2246 2970 2627 3067 inscribitur
2657 2995 2671 3036 ε
2710 2996 2746 3031 «
2775 2971 3011 3037 Utrum

550 3106 585 3140 ‹
640 3080 1024 3146 Academiae
1055 3081 1385 3146 haereticae
1411 3100 1589 3145 verae
1615 3080 1745 3145 sint
1772 3079 2174 3157 Academiae,
2217 3089 2281 3145 et
2304 3079 2459 3144 satis
2480 3079 2635 3166 jure
2674 3078 3013 3165 gaudeant

549 3212 584 3246 ‹
632 3187 999 3274 privilegiis
1049 3185 1168 3275 (2).
1236 3212 1271 3246 >
1339 3187 1858 3253 Excusationem
1921 3186 2220 3271 quaesivit
2284 3184 2598 3251 Mederus
2680 3185 2853 3270 quod
2930 3206 3012 3252 ea

558 3294 861 3359 Rotmari
890 3294 1044 3359 loca
1068 3294 1339 3372 referat,
1368 3313 1594 3377 quum,
1624 3303 1695 3359 ut
1721 3294 1813 3357 ait
1833 3295 1995 3380 ipse,
2022 3318 2057 3353 «ε
2079 3292 2159 3358 de
2186 3292 2544 3379 quaestione
2562 3300 2796 3379 agatur
2814 3290 3011 3359 hodie

548 3426 583 3460 α
638 3399 884 3477 inutili,
969 3409 1036 3465 et
1098 3409 1242 3487 post
1325 3401 1744 3465 constitutam
1825 3420 2060 3486 pacem
2117 3398 2619 3486 Wesphalicam
2629 3447 2763 3465 .....
2833 3399 3007 3465 male

451 3520 457 3537 ¹
551 3507 841 3572 sonanti.
884 3532 919 3567 ›
972 3506 1419 3573 Nihilominus
1471 3527 1688 3593 operae
1744 3507 2030 3594 pretium
2084 3511 2186 3572 est
2244 3526 2326 3572 ea
2376 3503 2752 3573 describere
2780 3505 2835 3572 si
2864 3507 3008 3593 quis

553 3616 924 3680 animorum
959 3634 1038 3680 eo
1075 3623 1368 3701 tempore
1398 3614 1694 3680 habitum
1733 3614 2163 3703 introspicere
2195 3614 2381 3681 velit.

639 3720 993 3787 Contendit
1049 3722 1404 3788 Rotmarus
1449 3732 1542 3800 ut,
1601 3722 1893 3787 omnium
1945 3742 2294 3801 consensu,
2347 3722 2450 3790 vis
2507 3721 3005 3810 privilegiorum

544 3827 1127 3908 Academicorum,
1180 3851 1315 3896 non
1359 3851 1446 3896 ex
1486 3831 2031 3910 immunitatibuS,
2090 3840 2203 3897 aut
2250 3831 2557 3897 civilibus
2611 3830 2998 3909 actionibuS,

539 3936 658 4003 sed
725 3956 762 4001 e
820 3937 1362 4025 promotionibuS,
1427 3944 1495 4004 et
1549 3939 1876 4027 graduum
1936 3938 2529 4006 contributionibus
2582 3938 3005 4025 singulariter

545 4053 828 4113 constet.
887 4044 991 4109 Ea
1049 4054 1270 4109 autem
1324 4047 1756 4134 promovendi
1803 4048 2181 4123 auctoritaS‚
2237 4056 2306 4111 ut
2352 4066 2437 4111 ex
2490 4045 3002 4112 Academiarum

539 4152 799 4216 statutis
827 4152 1176 4218 manifesto
1212 4163 1507 4242 apparet,
1541 4173 1677 4220 non
1704 4173 1741 4220 e
1771 4155 2202 4243 privatorum,
2238 4155 2762 4239 magistratuum,
2815 4153 3000 4237 prin-

540 4259 850 4343 cipumve
927 4264 1251 4346 potestate
1300 4261 1645 4349 gignitur:
1710 4262 1855 4327 haec
1911 4282 1947 4326 e
2003 4260 2254 4346 duplici
2306 4263 2482 4325 tonte
2515 4264 2762 4337 manat,
2803 4259 3001 4345 Papae

546 4364 1098 4453 Imperatorisque
1149 4367 1448 4455 imperiO.
1505 4367 1574 4434 Si
1627 4372 1770 4453 quis
1831 4388 1989 4454 ergo
2071 4368 2318 4452 Papam
2395 4368 3000 4451 Imperatoremque

644 4625 697 4681 1.
737 4624 1019 4701 Mederer,
1060 4627 1111 4699 Ι,
1143 4645 1201 4701 p.
1235 4632 1352 4687 150.

643 4706 694 4763 2.
741 4706 1007 4777 Rotmar,
1037 4708 1086 4775 1,
1123 4728 1176 4783 p.
1211 4710 1351 4799 XV..
