3564 5588
1475 630 1560 642 ·-
1603 613 1807 660 LXIII
1854 632 1937 648 -—-

487 758 703 818 autem
738 750 809 815 in
840 749 1039 837 pleno
1065 759 1294 819 senatu
1313 753 1457 842 jam
1507 757 1926 823 constitutum
1960 765 2127 824 esset
2162 759 2431 847 jamque
2484 759 2914 846 publicatum,

483 857 808 924 incertum
828 866 947 925 est.
980 859 1491 927 constantissimi
1511 862 1581 928 in
1605 865 1927 931 sententia
1943 865 2142 931 animi
2158 865 2403 933 famam
2424 867 2671 935 Eckius
2692 869 2917 935 subie-

483 974 621 1049 rat3
655 963 947 1032 Hoffoeus
977 967 1176 1054 igitur
1211 988 1344 1035 non
1382 978 1725 1038 cunctatus
1752 982 1849 1038 est
1876 974 2032 1058 quin
2067 973 2485 1041 confirmaret
2526 977 2731 1041 satius
2776 975 2918 1042 fore

484 1073 713 1138 Patres
745 1075 944 1140 causa
968 1085 1032 1139 et
1064 1075 1216 1143 loco
1254 1075 1492 1143 cedere
1519 1078 1676 1145 dum
1712 1100 1790 1145 eo
1818 1080 2067 1146 Eckius
2104 1091 2424 1168 perstaret
2453 1103 2538 1148 ex
2571 1103 2699 1168 quo
2736 1108 2772 1142 ‹
2810 1103 2917 1148 so-

485 1205 520 1240 «
565 1181 684 1246 lita
712 1181 781 1246 in
813 1181 1202 1250 Societatem
1238 1185 1527 1252 tuitionis
1555 1195 1620 1252 et
1644 1189 1884 1254 amoris
1916 1186 2165 1254 fluenta
2191 1187 2489 1258 derivare
2530 1198 2795 1280 possent
2826 1214 2862 1250 >
2896 1209 2915 1274 3

479 1307 752 1375 remque
771 1288 1090 1356 faciHime
1105 1293 1409 1379 componi
1431 1313 1620 1379 posse
1639 1294 1692 1360 si
1717 1295 2143 1362 Monachium
2169 1296 2651 1383 Philosophicae
2685 1295 2920 1363 Paeda-

483 1398 862 1484 gogicaeque
895 1399 1138 1465 scholae
1170 1398 1608 1468 deferrentur.

570 1503 956 1572 Academici
1009 1515 1228 1573 autem
1280 1507 1479 1582 cleris
1529 1529 1614 1574 ex
1671 1508 2165 1597 Ingolstadiana
2200 1509 2481 1578 Diocoesi
2515 1510 2918 1600 adjutoribus

479 1611 580 1678 usi
615 1621 766 1678 sunt
813 1637 826 1678 :
887 1633 1086 1699 quum
1133 1615 1307 1681 enim
1361 1635 1575 1683 novus
1621 1617 1890 1704 collegii
1922 1617 2210 1705 RegenS,
2253 1619 2610 1685 Johannes
2637 1619 2921 1686 Raben-

478 1717 687 1800 stein,
710 1723 1135 1788 commisisset
1170 1731 1243 1788 ut
1273 1725 1589 1790 matutino
1617 1733 1910 1811 tempore
1941 1726 2011 1790 in
2040 1723 2291 1793 sacello
2322 1724 2727 1794 Academico
2753 1746 2914 1795 con—

481 1828 704 1895 ciones
737 1829 1034 1910 haberet,
1077 1849 1253 1919 aegre
1285 1833 1572 1898 tulerant
1602 1833 2067 1919 parochiarum
2103 1833 2267 1900 cleri
2308 1835 2399 1899 ita
2440 1854 2525 1900 ex
2570 1834 2715 1900 aliis
2748 1844 2915 1902 tem-

479 1937 607 2023 plis
637 1933 1004 2004 auditorum
1039 1940 1296 2026 copiam
1328 1941 1619 2025 avocari,
1652 1940 2089 2028 injuriamque
2128 1941 2323 2007 simul
2359 1940 2442 2006 ad
2466 1942 2716 2008 Ducem
2746 1951 2809 2007 et
2836 1942 2919 2007 ad
3018 1960 3021 1968 ·

479 2045 876 2132 Episcopum
913 2047 1250 2131 conquesti
1285 2055 1457 2112 sunt.
1504 2047 1542 2112 J
1547 2047 1792 2128 esuitiS‚
1834 2033 2256 2115 Monachium
2288 2047 2739 2136 migrantibuS,
2772 2070 2913 2144 om·-

479 2152 592 2216 nia
626 2151 1189 2239 componebantur
1228 2154 1530 2241 negotia3
1567 2155 1958 2221 sententiam
1988 2165 2242 2221 mutare
2270 2155 2517 2221 Eckius
2545 2175 2679 2222 non
2698 2176 2913 2243 coge·

478 2257 691 2339 batur,
748 2279 874 2326 nec
921 2260 1247 2341 PatribuS,
1308 2281 1468 2347 quos
1516 2260 1681 2329 adeo
1731 2262 2039 2350 diligeret
2075 2263 2511 2329 alienabatur.
2552 2264 2653 2329 Re
2696 2273 2916 2329 autem

481 2364 697 2433 adhuc
725 2367 994 2450 insecta,
1027 2369 1294 2457 gravius
1341 2379 1677 2437 certamen
1712 2372 1943 2436 evasit.
1987 2370 2183 2438 Anno
2221 2369 2412 2450 1573,
2449 2372 2533 2437 R.
2575 2370 2915 2437 Fabricius

479 2493 514 2539 e
541 2473 866 2542 Societate
894 2477 1283 2562 eloquentiae
1319 2477 1674 2565 professor,
1738 2477 2129 2545 decanatum
2179 2479 2539 2545 Facultatis
2591 2477 2914 2543 Artisticae

479 2581 774 2668 gerebat.
830 2583 917 2663 Is,
978 2605 1177 2670 quum
1213 2583 1492 2651 Senatus
1535 2585 1975 2673 philosophici
2015 2595 2233 2672 patres
2278 2585 2361 2652 ad
2406 2586 2750 2653 consilium
2793 2601 2913 2671 pro

477 2709 656 2756 more
681 2701 1000 2772 vocasset,
1031 2694 1225 2760 misso
1252 2692 1333 2759 ad
1359 2703 1720 2760 conventus
1745 2694 2105 2760 senatorios
2125 2692 2510 2760 indicendos
2532 2693 2905 2780 diplomate,

479 2796 756 2867 duorum
806 2801 1244 2886 professorum
1290 2802 1558 2869 nomina
1599 2803 2035 2890 praetermisit,
2090 2822 2363 2890 quorum
2414 2803 2581 2870 alter
2614 2802 2913 2890 linguam

477 2906 774 2975 Graecam
802 2906 1089 2990 doceret,
1121 2910 1290 2976 alter
1315 2909 1740 2978 Aristotelem
1767 2911 2046 2998 legeret.
2079 2910 2388 2977 Consulto
2418 2908 2680 2995 quidem
2705 2910 2913 2975 Deca-

475 3034 600 3081 nus
633 3035 860 3082 eorum
889 3019 1159 3084 nomina
1181 3019 1707 3106 praetermiserat,
1745 3017 1830 3085 ob
1868 3039 2012 3095 eam
2044 3038 2310 3085 causam
2338 3016 2511 3103 quod
2542 3012 2913 3084 Aristotelis

477 3124 848 3212 exponendi
877 3145 1115 3203 munus
1141 3145 1385 3194 novum
1417 3127 1680 3195 omnino
1710 3128 1780 3192 in
1814 3125 2177 3193 Academia
2218 3135 2409 3205 esset,
2450 3132 2515 3189 et
2556 3122 2909 3191 cancella·

433 3232 610 3299 =rius
656 3233 825 3300 nihil
882 3254 967 3301 ex
1027 3235 1291 3321 antiquo
1336 3234 1734 3303 movendum
1796 3254 1938 3300 esse
1978 3234 2357 3301 censuisset.
2404 3230 2483 3297 In
2517 3231 2679 3298 duas
2712 3232 2912 3319 igitur

472 3349 688 3428 partes
736 3342 1094 3410 Academia
1147 3342 1468 3427 discessit3
1522 3343 1849 3409 Reinerus
1888 3340 1969 3409 de
2010 3351 2242 3409 senatu
2281 3341 2529 3429 ejectus
2572 3340 2689 3406 est'
2712 3339 2909 3425 inque

472 3446 657 3531 illius
694 3449 917 3517 locum
940 3470 1152 3518 novus
1179 3450 1467 3518 decanus
1504 3449 1815 3518 suffectus
1845 3459 1965 3517 est.
1996 3448 2377 3539 Opportune
2407 3449 2604 3536 igitur
2636 3467 2677 3514 a
2698 3446 2913 3513 Roma

474 3555 767 3623 Hoffoeus
823 3576 1162 3646 regressus
1220 3567 1315 3624 est
1366 3577 1451 3624 ne
1508 3558 1590 3625 ad
1652 3566 1951 3625 extrema
1998 3566 2334 3627 certamen
2383 3554 2717 3623 evaderet.
2780 3554 2913 3619 Per

473 3660 754 3731 Eckium
769 3665 937 3732 Duci
950 3664 1310 3733 Everardi
1325 3664 1666 3732 Generalis
1683 3666 1957 3752 epistola
1971 3665 2250 3745 reddita,
2276 3664 2567 3732 omnium
2587 3680 2909 3729 consensu

473 3770 818 3839 Senatores
843 3772 1067 3840 Aulici
1095 3770 1332 3839 Hoffoei
1355 3760 1776 3860 postulationi
1802 3782 2291 3853 concesserunt,
2324 3774 2403 3839 ea
2429 3780 2649 3837 tamen
2680 3768 2909 3837 condi-

473 3880 672 3960 tione,
705 3890 778 3947 ut
805 3880 1120 3948 derelicto
1144 3880 1568 3969 IngolstadiO,
1599 3880 2023 3950 Monachium
2054 3880 2339 3968 publicae
2366 3880 2638 3946 Patrum
2666 3875 2909 3945 scholae

472 3985 918 4055 deferrentur.
1515 3974 1522 3979 ⁶

561 4094 879 4163 Omnibus
904 4115 1062 4183 ergo
1091 4094 1174 4163 ad
1191 4097 1537 4184 pristinum
1561 4103 1797 4163 statum
1814 4098 2163 4177 revocatiS,
2185 4092 2396 4184 pridie
2425 4094 2493 4163 S.
2528 4088 2901 4176 Michaelis,

473 4222 645 4270 anno
685 4201 876 4283 1573,
932 4224 1018 4270 ex
1056 4203 1456 4292 Ingolstadio
1512 4204 1550 4269 J
1555 4206 1776 4271 esuitae
1821 4204 2280 4284 discesserunt,
2325 4204 2429 4270 illi
2476 4204 2733 4270 scilicet
2768 4203 2900 4289 qui,

473 4310 646 4398 apud
702 4302 1128 4378 Academiam
1173 4312 1617 4391 Rhetoricam,
1657 4312 2112 4392 Dialecticam,
2160 4312 2539 4399 Physicam,
2596 4310 2901 4376 Philoso-

471 4418 818 4506 phiamque
850 4417 1186 4499 docerent,
1233 4438 1371 4485 una
1409 4439 1560 4486 cum
1617 4418 1995 4508 Paedagogii
2030 4418 2565 4507 praeceptoribus.
2604 4418 2904 4503 Discipu-

470 4527 688 4593 lorum
729 4535 947 4595 autem
1009 4546 1250 4615 magna
1284 4546 1438 4613 pars
1485 4526 1909 4594 Monachium
1959 4527 2265 4615 migravit
2302 4550 2315 4591 z
2366 4526 2633 4592 illorum
2666 4523 2901 4610 quibus

471 4634 944 4723 Theologicum
979 4654 1243 4702 cursum
1267 4653 1727 4702 consummare
1749 4634 1821 4700 in
1855 4635 2073 4702 animo
2100 4642 2264 4714 erat,
2306 4633 2421 4699 alii
2454 4632 2746 4711 Hallam,
2788 4630 2906 4695 alii

471 4741 537 4808 in
577 4741 838 4808 Italiam
881 4762 950 4809 se
994 4743 1414 4809 contulerunt
1457 4764 1471 4806 ι
1518 4741 1869 4809 novissime
1908 4750 2122 4809 autem
2170 4742 2445 4827 accepti,
2487 4740 2595 4825 qui
2636 4756 2904 4806 cursum
