3564 5588
1517 577 1601 589 --
1648 559 1980 607 XXXVIII
2027 577 2111 589 —

593 703 791 770 valde
839 702 1224 790 repudiarit,
1285 703 1462 768 omni
1507 700 1940 788 promovendi
1986 701 2377 768 auctoritate
2430 701 2839 785 destituitur,
2892 721 3031 768 om-

591 813 832 898 niaque
867 810 1322 878 Universitatis
1344 810 1530 875 istius
1555 807 1734 875 modi
1764 809 2130 875 constitutae
2159 813 2312 876 acta
2345 830 2465 898 pro
2494 810 2701 875 nullis
2728 809 3039 876 habenda

595 928 771 999 sunt,
834 944 870 979 <
908 917 1477 1005 promotionesque
1529 917 1644 983 vel
1685 936 1957 1003 prorsus
2013 936 2147 983 non
2198 917 2452 995 haberi,
2513 917 2626 983 vel
2676 937 2877 1003 quum
2919 937 3039 1004 per

597 1053 634 1090 ‹
682 1025 1155 1115 subrepticium
1207 1024 1516 1090 institutae
1565 1023 1835 1103 fuerint,
1886 1025 2132 1090 cassari
2178 1034 2242 1090 et
2290 1024 2649 1090 annihilari
2694 1034 3033 1112 poterunt3

598 1161 633 1195 ‹
681 1135 772 1199 ita
797 1137 874 1199 ut
893 1133 1086 1198 nulla
1112 1130 1478 1198 Academia
1499 1151 1624 1218 per
1651 1135 1861 1197 totum
1895 1131 2123 1198 orbem
2155 1151 2446 1217 unquam
2464 1131 2736 1219 jactarit
2766 1151 3032 1210 nomen,

599 1268 634 1302 ‹
680 1242 808 1306 nisi
859 1261 946 1306 ex
982 1240 1372 1306 auctoritate
1426 1237 1677 1303 Summi
1714 1236 2059 1305 Pontificis
2104 1247 2169 1304 et
2213 1239 2638 1324 Imperatoris
2668 1236 2785 1326 (1).
2824 1265 2859 1300 ›
2896 1239 3041 1305 Hoc

593 1350 733 1435 ipso
759 1347 933 1435 quod
958 1345 1338 1414 Academiae
1382 1345 1682 1430 quaedam
1729 1347 1928 1432 Papae
1978 1347 2534 1432 Imperatorisque
2580 1347 3040 1412 auctoritatem

595 1455 909 1523 detestari
933 1456 1374 1540 incaepissent,
1401 1473 1669 1540 prorsus
1696 1453 1895 1519 valde
1940 1473 2165 1520 rerum
2216 1455 2519 1538 antiquus
2551 1451 2712 1519 ordo
2743 1472 3038 1519 commu-

593 1564 881 1630 tabatur.
939 1562 1151 1628 Multo
1207 1571 1427 1626 tamen
1482 1562 1697 1626 minus
1769 1561 1850 1626 ab
1929 1562 2336 1648 Imperatore
2398 1561 2578 1627 facta
2634 1562 3039 1628 consecratio

592 1671 972 1739 necessaria
998 1669 1389 1748 habebatur,
1427 1670 1667 1756 quippe
1698 1689 1845 1755 quae
1870 1688 2005 1734 non
2035 1673 2370 1755 utcunque
2406 1669 2637 1735 fuisset
2669 1669 2987 1755 requisita
3019 1690 3033 1730 ε

595 1778 970 1846 auctoritati
1022 1787 1239 1843 autem
1291 1776 1660 1863 pontificali
1704 1796 1966 1863 semper
1994 1776 2296 1843 obnoxiae
2342 1777 2609 1842 fuerunt
2635 1775 3037 1842 Academiae.

595 1887 664 1954 Si
701 1885 844 1972 quis
869 1904 1027 1972 ergo
1051 1885 1302 1970 Papam
1334 1883 1737 1970 repudiaret,
1777 1883 2337 1970 promovendique
2370 1885 2762 1950 auctoritate
2794 1884 3041 1950 nihilo-

595 1996 812 2060 minus
831 1997 1152 2069 uteretur,
1196 1993 1380 2076 quasi
1411 2012 1446 2056 e
1481 2011 1655 2058 novo
1685 1992 1871 2058 fonte
1898 1992 2011 2080 jus
2034 1992 2305 2057 haurire
2341 1991 2717 2069 videbatur,
2749 2011 2876 2057 nec
2906 1991 3045 2079 jam

595 2104 1107 2178 sacrosanctam,
1177 2098 1294 2164 sed
1365 2099 1823 2165 tantummodo
1898 2099 2398 2166 candidatorum
2468 2095 2822 2165 eruditioni
2889 2118 3047 2164 con-

597 2217 939 2297 gruentem
983 2206 1458 2294 promotionem
1511 2205 1891 2272 adhibebat.
1947 2207 2053 2272 Ex
2090 2205 2648 2273 Academicorum
2692 2206 3041 2284 sententia,

596 2316 709 2402 qui
737 2315 806 2380 in
836 2314 1180 2381 Catholica
1213 2312 1342 2390 fide
1376 2317 1757 2379 constanter
1802 2323 2293 2401 permanerent,
2333 2313 2524 2379 nullo
2572 2311 2766 2379 modo
2796 2313 3048 2378 Luthe-

485 2475 492 2482 .
596 2441 912 2489 ranorum
965 2420 1358 2487 Academias
1408 2440 1528 2507 pro
1572 2419 1951 2486 Academiis
1978 2421 2212 2486 haberi
2263 2441 2523 2507 aequum
2566 2429 2751 2503 erat3
2796 2440 2927 2486 nec
2969 2439 3051 2485 ea

583 2551 828 2614 ,eorum
861 2528 1054 2595 modo
1079 2548 1264 2593 mens
1288 2528 1413 2593 fuit
1437 2530 1549 2613 qui
1576 2529 1645 2593 in
1677 2529 2079 2615 gravissimis
2117 2533 2354 2594 contra
2402 2528 2772 2602 Lutherum
2819 2527 3050 2594 decer-

597 2637 956 2703 tationibus
989 2635 1270 2701 fuissent
1316 2636 1584 2701 versati.
1638 2636 1718 2700 In
1754 2641 1928 2701 xvn⁰
1966 2636 2165 2701 etiam
2203 2637 2472 2714 saecu10,
2526 2637 2891 2702 Greia-erus
2929 2655 3049 2721 pro

599 2745 900 2833 legitima
958 2741 1616 2831 Wittenbergensem
1692 2742 2147 2822 Academiam,
2227 2745 2625 2810 Lutheranis
2696 2741 3044 2817 addictam,

602 2854 760 2940 quin
807 2851 1087 2917 haberet
1149 2852 1507 2930 recusavit,
1558 2872 1891 2937 quumque
1961 2850 2043 2917 de
2120 2851 2405 2918 Jubilaeo
2457 2851 2571 2931 ibi,
2638 2871 2813 2918 anno
2882 2850 3052 2918 1602

601 2960 846 3040 habito,
901 2960 1332 3047 loqueretur,¹
1366 2960 2018 3046 pseudojubiloeum
2091 2959 2158 3025 id
2222 2960 2587 3047 appellavit
2656 2958 2773 3048 (2).
2842 2941 3050 3025 Recte

601 3066 866 3153 quidem
891 3066 973 3132 de
1001 3068 1206 3153 Papa,
1241 3067 1408 3133 falso
1436 3076 1653 3132 autem
1686 3066 1766 3132 de
1801 3068 2231 3154 Imperatore,
2258 3066 2433 3152 quod
2461 3066 2545 3132 ad
2571 3066 3053 3133 Universitates

604 3176 856 3254 attinet,
889 3175 1246 3241 Rotmarus
1278 3173 1605 3240 disseruit.
1645 3175 1871 3240 Donec
1920 3175 2094 3240 enim
2142 3196 2250 3241 res
2290 3175 2565 3240 ineunte
2610 3180 2758 3239 xv1⁰
2804 3172 3050 3239 saeculo

603 3284 958 3347 immutatae
1019 3281 1320 3360 fuissent,
1381 3280 1760 3347 Academiae
1820 3302 2047 3348 omnes
2106 3303 2143 3347 e
2192 3284 2377 3368 Papa
2427 3281 2855 3365 oriebantur3
2918 3299 3054 3346 non

606 3393 1106 3467 omnes-autem,
1141 3390 1209 3454 in
1235 3388 1590 3455 Germania
1622 3389 1911 3474 quidem,
1950 3390 2032 3456 ab
2064 3392 2470 3478 Imperatore
2508 3390 2831 3477 originem
2850 3388 3055 3455 habe-

606 3497 789 3562 bant.
867 3496 1411 3583 Ingolstadiensis
1464 3498 1662 3575 enim,
1709 3498 1998 3584 exempli
2038 3500 2273 3585 gratia,
2344 3497 2711 3564 Academia
2766 3516 2803 3561 e
2872 3496 3059 3582 Papa

604 3608 865 3669 tantum
921 3605 1105 3669 initia
1159 3603 1460 3683 duxerat,
1503 3609 1572 3669 et
1610 3606 1678 3670 in
1715 3608 1817 3684 ea,
1848 3606 2039 3672 nobis
2073 3627 2113 3671 a
2145 3606 2419 3672 Medero
2450 3605 2889 3693 diplomatum
2910 3609 3052 3670 tra-

607 3711 746 3777 dita
796 3712 1008 3798 copia,
1071 3712 1266 3777 nulla
1319 3717 1579 3778 exstant
1651 3714 2067 3800 Imperatorii
2142 3713 2488 3802 cujusdam
2542 3714 2917 3802 diplomatis
2972 3710 3055 3779 ad

607 3818 1062 3885 fundationem
1095 3820 1284 3885 illam
1314 3821 1705 3906 pertinentis
1734 3822 2045 3909 vestigia.

699 3926 894 3992 Haud
921 3926 1124 3993 facile
1151 3926 1282 3993 dici
1308 3932 1522 4013 potest
1546 3948 1740 4013 quem
1784 3930 1855 3993 in
1902 3928 2167 3995 modum
2202 3926 2578 3995 Pontificali
2621 3930 3057 4017 Imperatoria

609 4041 1093 4121 temperaretur
1149 4054 1227 4100 eo
1297 4044 1590 4123 tempore
1665 4038 2048 4116 auctoritaS,
2105 4041 2172 4102 et
2214 4048 2369 4103 utra
2431 4039 2563 4103 utri
2607 4038 3049 4124 praecelleret.

610 4144 834 4208 AEtate
894 4143 1175 4229 primum
1231 4142 1691 4221 Maximiliani,
1764 4163 2109 4229 personam
2165 4146 2493 4231 insignem
2554 4146 2624 4210 in
2674 4144 3054 4211 Academiis

612 4250 978 4336 Imperator
1012 4251 1243 4336 gessit:
1276 4250 1662 4315 Wormatiae
1690 4252 1866 4316 enim
1894 4271 2067 4317 anno
2100 4250 2270 4318 1495
2294 4253 2364 4317 in
2393 4252 2677 4318 concilio
2717 4252 3056 4318 decretum

723 4532 768 4589 l.
813 4494 1080 4601 Roman
1108 4531 1159 4602 Ι,
1191 4546 1323 4589 xvl.

718 4612 768 4668 2.
812 4611 868 4667 J.
903 4612 1234 4671 Gretse1·uS.
1272 4614 1764 4672 Observationum
1796 4615 1941 4673 libri
1968 4618 2033 4673 in
2063 4620 2560 4677 commentarium
2585 4618 2856 4693 Philippi
2878 4619 3059 4693 Epis-

614 4693 750 4767 copi
771 4694 1180 4765 Eystettensis.
1215 4694 1754 4769 Ingolstadii,1617‚
1792 4716 1850 4771 p.
1882 4698 2013 4757 256.
