3564 5588
1672 1189 1746 1261 ΙΙ

448 1523 451 1526 .
485 1441 566 1514 'De
589 1467 830 1513 animorum
853 1472 898 1512 et
921 1467 1176 1522 studiorum,
1197 1468 1312 1526 apud
1336 1469 1722 1524 Ingolstadiensem
1746 1470 2038 1523 Academiam,
2063 1441 2565 1529 propter'norormatam
2588 1469 2900 1519 amatha-anis

1424 1541 1691 1596 religionem,
1716 1540 1979 1587 discrhnine.

567 1790 645 1856 In
671 1809 750 1856 eo
775 1797 996 1855 tamen
1023 1798 1168 1857 erat
1191 1788 1595 1876 Theologica
1609 1789 1946 1869 Facultas‚
1977 1791 2097 1856 etsi
2120 1791 2189 1858 in
2207 1793 2445 1879 magna
2469 1791 2927 1879 desperatione

479 1918 620 1964 esse
669 1895 1028 1978 videretur,
1086 1907 1160 1964 ut
1218 1899 1288 1964 in
1330 1917 1653 1974 summam
1706 1898 2005 1964 notitiam
2063 1919 2219 1966 mox
2269 1900 2669 1987 perveniret.
2730 1900 2927 1968 Anno

479 2007 652 2072 enim
678 2003 871 2084 1510,
903 2005 1190 2092 primum
1224 2006 1576 2093 inscriptus
1605 2013 1704 2072 est
1726 2005 2086 2074 Iohannes
2112 2007 2409 2088 EckiuS,
2441 2016 2507 2074 et
2534 2017 2796 2075 creatus
2816 2018 2929 2094 ¹est

480 2113 729 2193 doctor,
763 2122 848 2193 et,
879 2112 920 2178 5
955 2113 1059 2180 die
1091 2114 1491 2205 novembriS,
1535 2114 1813 2181 solenne
1846 2113 2211 2181 lectionum
2234 2135 2503 2186 suarum
2532 2116 2928 2207 principium

477 2219 660 2288 fecit.

563 2329 776 2398 Natus
813 2329 884 2396 in
921 2328 1186 2418 Algoia,
1230 2350 1403 2397 anno
1435 2328 1630 2410 1486,
1670 2329 1946 2410 EckiuS‚
1980 2338 2328 2418 postquam
2360 2331 2835 2422 Rottenburgae
2865 2341 2932 2399 et
2970 2415 2977 2425 1

478 2435 796 2525 Tubingae
829 2437 1146 2504 liberales
1185 2447 1358 2504 artes
1391 2436 1748 2516 didIcisset,
1786 2437 2545 2526 HeidelbergaeArtium
2584 2442 2922 2528 magister,

479 2547 677 2610 anno‘
703 2543 867 2611 1501
892 2596 910 2624 ,
959 2555 1220 2612 creatus
1241 2596 1260 2624 ,
1318 2544 1604 2612 Coloniae
1629 2597 1646 2625 ,
1710 2543 2095 2633 Friburgae,
2156 2545 2440 2633 denique
2500 2547 2925 2636 Ingolstadii,

400 2649 410 2656 “
477 2672 650 2719 anno
689 2651 882 2732 1510,
915 2652 1156 2720 docuit.
1194 2653 1448 2720 Retulit
1477 2654 1614 2740 ipse
1647 2653 1881 2720 iterato
1907 2653 2179 2734 EckiuS,
2212 2675 2417 2742 prope
2444 2656 2587 2743 jam
2628 2659 2930 2726 extrema

475 2769 688 2843 aetate,
718 2760 1269 2848 quemadmodum
1301 2781 1372 2827 se
1411 2761 1891 2849 Ingolstadium
1926 2763 2305 2843 contulerit,
2344 2772 2429 2843 et,
2466 2763 2601 2831 levi
2642 2762 2927 2833 diversi-

479 2879 609 2936 tate
655 2871 925 2949 omissa,
970 2869 1202 2936 eadem
1245 2879 1344 2935 est
1367 2871 1466 2935 rei
1491 2871 1835 2937 memoria.
1881 2870 2096 2946 Quum
2130 2891 2249 2937 seu
2302 2898 2337 2933 ‹
2388 2892 2548 2937 casu
2587 2870 2679 2960 (1)
2726 2897 2761 2932 ›
2813 2892 2931 2938 seu

483 3005 518 3040 ‹
557 2977 825 3045 celebre
856 2977 1288 3067 Gymnasium
1325 2978 1710 3073 Ingolstadii
1743 2978 2077 3045 invisendi
2102 2977 2193 3068 (2)
2232 3004 2269 3041 >
2301 2982 2523 3060 causa,
2559 2979 2927 3069 Tubingam

477 3086 892 3166 deseruisset,
931 3087 1074 3152 sive
1098 3106 1138 3153 a
1172 3113 1207 3148 ‹
1241 3085 1764 3157 moderatoribus
1798 3087 1976 3175 apud
2012 3106 2173 3174 quos
2198 3087 2377 3154 fama
2412 3088 2929 3175 disputationum

483 3221 517 3258 «
554 3196 698 3283 ejus
717 3195 1125 3263 inclaruerat
1147 3194 1264 3285 (3),
1298 3221 1332 3255 ›
1368 3196 1680 3261 invitatus
1707 3205 1843 3279 est3
1876 3196 2013 3262 sive
2040 3196 2181 3282 ipse
2220 3222 2255 3257 ‹
2294 3216 2335 3263 a
2366 3195 2756 3284 praesidibus
2794 3202 2930 3263 stu-

479 3302 568 3371 dii
593 3294 968 3391 impetravit
996 3311 1069 3368 ut
1107 3302 1189 3369 ad
1220 3302 1681 3389 disputandum
1705 3303 2161 3370 admitteretur
2184 3301 2305 3393 (4),
2346 3330 2381 3365 ›
2420 3304 2757 3391 publicam
2790 3303 2926 3369 dis-

475 3412 878 3499 putationem
916 3410 1022 3477 die
1069 3408 1138 3477 7²
1174 3410 1562 3497 septembris
1604 3409 1774 3477 1510
1827 3412 2077 3491 habuit,
2124 3415 2387 3499 totaque
2433 3411 2540 3478 die
2590 3411 2924 3479 disseruit.
3035 3409 3040 3415 ’

478 3519 788 3605 Sequenti
806 3527 1024 3585 autem
1062 3518 1201 3598 die,
1247 3538 1473 3586 coram
1511 3522 1916 3607 congregata
1949 3518 2143 3607 plebe
2183 3520 2605 3587 declamavit.
2644 3521 2931 3587 Tantum

479 3626 1066 3699 commendationis
1093 3647 1214 3697 seu
1252 3625 1427 3713 apud
1471 3636 1774 3715 senatum
1816 3626 2329 3707 Academicum,
2382 3646 2498 3694 seu
2546 3627 2723 3714 apud
2767 3654 2802 3688 ‹
2834 3627 2931 3694 ci-

477 3754 593 3799 ves
643 3732 736 3823 (5)
786 3761 820 3795 »
875 3734 1146 3814 habuit,
1211 3743 1320 3815 ut,
1385 3734 1766 3801 declarante
1822 3736 1963 3821 ipso
2009 3735 2217 3802 Eckio
2238 3786 2256 3815 ,
2317 3735 2437 3818 etsi
2506 3735 2767 3801 nullam
2842 3727 2947 3802 exv

481 3851 722 3909 eventu
783 3842 1132 3910 utilitatem
1169 3832 1492 3930 quaerere't
1554 3868 1589 3903 ‹
1632 3839 2107 3929 confestimque
2168 3842 2432 3913 abiisset
2468 3841 2560 3933 (6)
2570 3892 2705 3911 .....
2746 3853 2929 3915 motu

587 4086 634 4140 1.
677 4086 961 4159 Epistola
982 4086 1114 4144 Joh.
1142 4086 1312 4142 Eolcii
1333 4069 1627 4158 ΤΙιὲοίορί,
1645 4084 1719 4142 de
1735 4085 1987 4143 Ratione
2006 4084 2362 4143 studiorum
2386 4102 2654 4143 suorum.
2680 4088 2931 4161 Scripta

424 4204 430 4210 -
481 4181 562 4220 an
611 4165 770 4224 1538.
822 4170 986 4222 Nunc
1031 4183 1171 4222 vero
1211 4167 1480 4239 primum
1526 4165 1718 4222 edita.
1766 4165 2147 4240 Iuyolstadii,
2199 4166 2361 4224 1543.
2420 4166 2520 4225 Ad
2564 4168 2929 4225 Mauritium

478 4249 906 4318 Eystettensem
931 4246 1135 4321 Epist).
1529 4300 1534 4305 .
2230 4304 2235 4311 .

583 4326 640 4381 2.
681 4346 711 4375 ιι
725 4326 974 4399 Repliea
1000 4328 1135 4385 soh.
1168 4329 1334 4386 Eccii
1352 4326 1641 4386 adversus
1656 4329 1890 4402 scripta
1906 4330 2167 4389 secunda
2187 4331 2398 4388 Bucen·
2416 4333 2717 4405 apostatae
2736 4346 2916 4403 super

481 4406 630 4463 acti-s·
658 4407 996 4480 Racisponae
1025 4430 1078 4464 »-
1105 4409 1265 4467 1543.

584 4486 631 4542 3.
675 4488 958 4560 Epistola
985 4487 1060 4545 de
1086 4490 1338 4547 Ratione
1361 4490 1724 4549 studiorum.
1757 4490 1893 4551 vid.
1927 4508 2117 4565 supra.

585 4564 633 4629 4.
679 4567 946 4641 Itu-plica,
1395 4599 1400 4609 ·

587 4652 638 4707 5.
679 4648 942 4721 Replica.

585 4730 639 4785 6.
663 4728 946 4803 Ἠεριίοα.
