3564 5588
1464 633 1544 648 --
1597 614 1793 662 XLIX
1841 635 1922 648 ‹-

475 751 678 820 fuisse
723 752 1168 822 videbantur.:
1225 779 1260 816 α
1305 755 1479 822 Citra
1523 767 1821 823 veterum
1867 757 2204 824 doctorum
2243 767 2435 844 atque
2474 759 2674 846 ipsius
2695 760 2908 832 ,etiam

485 885 520 922 α
570 861 632 927 J.
685 861 879 928 Eckii
887 911 1020 928 .....
1083 863 1473 950 religionem
1531 863 2007 957 propugnando
2054 863 2417 932 felicissimi
2469 873 2534 932 et
2560 857 2910 940 fortissimi

483 993 520 1029 ‹
568 968 872 1035 Hectoris
917 969 1224 1058 injuriam
1240 1020 1258 1050 ‚
1317 970 1519 1038 facile
1566 969 1919 1052 affirmaro,
1971 972 2169 1059 longe
2219 980 2284 1039 et
2338 973 2705 1060 elegantius
2742 973 2911 1059 poli-

485 1100 522 1144 «.
569 1076 825 1161 tiusque
865 1084 932 1142 et
969 1077 1491 1165 compendiosius
1522 1099 1700 1146 nunc
1739 1099 1908 1166 pene
1944 1099 2169 1145 omnes
2201 1077 2373 1144 tradi
2411 1079 2762 1165 docerique
2796 1080 2911 1146 lit-

484 1206 521 1242 «
568 1189 744 1248 teras
781 1203 975 1269 quam
1002 1183 1176 1271 apud
1205 1185 1486 1274 maJores
1513 1196 1767 1253 nostros
1799 1184 1945 1253 fieri
1966 1193 2062 1252 est
2081 1185 2426 1255 solitum...
2447 1183 2559 1273 (1),
2591 1212 2627 1248 2·
2657 1206 2915 1254 omnes-

480 1309 608 1375 que
643 1289 816 1356 nulli
855 1292 1047 1357 alteri
1077 1277 1487 1360 Germanicae
1522 1291 1900 1360 Academiae
1931 1292 2520 1381 Ingolstadiensem
2544 1292 2745 1361 facile
2772 1315 2916 1362 ces-

479 1417 700 1464 suram
736 1417 877 1464 esse
914 1397 1416 1475 confitebantur.
1447 1400 1550 1468 Ne
1580 1410 1798 1467 autem
1831 1401 2133 1468 Rectoris
2168 1419 2466 1484 munere,
2499 1401 2617 1467 etsi
2646 1402 2911 1490 insigni,

479 1523 706 1570 omnes
743 1505 966 1571 eximii
999 1506 1342 1595 cujusdam
1370 1527 1406 1573 e
1434 1506 1756 1575 Societate
1794 1509 1920 1574 viri
1953 1507 2380 1598 cogitationes
2407 1517 2911 1594 occuparentur,

479 1612 573 1677 ita
608 1631 648 1677 a
680 1611 989 1679 Patribus
1025 1614 1096 1678 in
1128 1623 1461 1700 posterum
1493 1615 1861 1682 institutum
1902 1619 2003 1682 est
2038 1619 2115 1682 ut
2150 1640 2187 1676 ‹
2216 1615 2391 1682 ultro
2414 1635 2507 1686 se,
2534 1615 2919 1682 abdicarent

485 1743 522 1779 ‹
553 1719 793 1784 muniis
830 1744 866 1780 2·
889 1717 1016 1807 (2);
1051 1741 1176 1788 nec
1201 1731 1430 1808 postea
1451 1722 1634 1788 ullus
1655 1742 1693 1789 e
1726 1721 2050 1789 Societate
2076 1723 2323 1789 Rector
2353 1722 2765 1788 renuntiatus
2795 1729 2913 1788 est.

479 1825 628 1894 Nec
669 1825 900 1892 eadem
938 1826 1021 1894 de
1061 1827 1547 1896 Cancellariatu
1588 1830 1753 1896 ratio
1791 1833 1936 1895 erat
1973 1854 1987 1894 ε
2027 1850 2226 1916 quum
2260 1829 2436 1896 enim
2469 1825 2923 1896 Cancellarius

482 1933 666 2019 quasi
699 1943 1016 2021 perpetuo
1054 1934 1389 2004 Pontificis
1434 1937 1636 2024 legati
1679 1936 1854 2024 apud
1895 1936 2326 2005 Academiam
2369 1956 2645 2004 munere
2678 1936 2919 2024 funge—

480 2050 665 2107 retur
689 2039 812 2129 (3),
844 2041 1125 2110 formam
1151 2044 1189 2109 J
1194 2045 1552 2110 esuitarum
1578 2044 1889 2132 propositi
1916 2045 2285 2112 excedebat
2317 2044 2701 2133 dignitatem
2732 2044 2921 2109 illam

483 2149 808 2227 aversari,
856 2151 1044 2238 cujus
1086 2149 1412 2219 beneficio
1448 2150 1729 2219 docendi
1763 2152 2090 2218 rationem
2126 2151 2482 2219 observare
2522 2159 2589 2217 et
2625 2150 2708 2217 ad
2746 2149 2924 2216 arbi-

480 2255 676 2321 trium
726 2275 916 2322 suum
954 2257 1366 2326 conformare
1401 2259 1662 2327 liceret.
1700 2259 1813 2325 Bis
1842 2279 2001 2347 ergo
2034 2259 2601 2346 procancellarius
2629 2256 2925 2324 Canisius

481 2364 867 2430 constitutus
901 2369 1022 2432 est.

570 2471 765 2538 Haud
813 2473 1011 2541 facile
1053 2473 1476 2562 intelligitur,
1521 2473 1973 2560 quamobrem,
2010 2494 2084 2540 re
2113 2473 2403 2541 feliciter
2440 2473 2605 2541 adeo
2644 2471 2921 2548 tentata,

483 2580 667 2664 quasi
700 2580 1034 2668 inopinato
1071 2603 1157 2648 ex
1188 2581 1592 2670 Ingolstadio
1630 2583 1865 2648 Patres
1896 2581 2312 2651 discesserint
2340 2579 2455 2670 (4);
2484 2581 2713 2648 Mense
2750 2580 2925 2648 enim

482 2685 743 2768 Martio,
803 2707 976 2756 anno
1027 2686 1231 2768 1552,
1282 2689 1579 2756 Canisius
1637 2688 2127 2775 Gaudanusque
2186 2713 2221 2750 α
2268 2689 2447 2755 haud
2486 2689 2628 2754 sine
2674 2686 2927 2774 profes-

467 2777 524 2854 ἀ
570 2814 794 2863 sorum
827 2816 905 2864 ac
929 2796 1343 2884 plebeiorum
1372 2798 1688 2885 lacrymis
1716 2798 2051 2865 Viennam
2088 2797 2213 2864 iter
2246 2796 2525 2883 ingressi
2550 2803 2699 2871 sunt
2728 2789 2843 2883 (5).
2888 2817 2921 2852 x·

573 2904 611 2969 J
616 2924 722 2969 am
761 2902 916 2970 inde
957 2903 1332 2972 Academiae
1371 2904 1845 2990 Societatisque
1877 2924 1984 2970 res
2021 2906 2204 2971 arcte
2251 2901 2418 2969 adeo
2458 2902 2723 2968 fuerant
2762 2919 2923 2967 con-

482 3012 748 3078 sociatae
814 3020 888 3079 ut
941 3012 1238 3079 neutrius
1294 3012 1566 3079 historia
1631 3011 1978 3108 separatim
2040 3010 2240 3097 possit
2299 3008 2613 3091 tractarit,
2686 3006 2925 3094 quippe

483 3139 684 3205 quum
737 3120 808 3184 in
867 3137 946 3186 eo
1006 3120 1088 3186 sit
1133 3118 1496 3187 Academia
1544 3128 1647 3200 ut,
1699 3118 1949 3185 exactis
2003 3117 2215 3183 ferme
2275 3115 2363 3182 40
2416 3116 2635 3194 anniS‚
2707 3115 2833 3179 ista
2887 3134 2928 3179 a

485 3226 794 3294 Patribus
839 3227 925 3293 sit
969 3226 1382 3314 occupanda.
2674 3242 2681 3249 ·

467 3376 474 3381 -
572 3334 733 3400 Tres
765 3334 908 3400 fere
943 3336 1098 3401 anni
1125 3334 1332 3423 elapsi
1370 3337 1545 3414 sunt,
1586 3352 1866 3419 quorum
1895 3332 2101 3420 spatio
2130 3331 2297 3397 nihil
2324 3330 2395 3396 in
2424 3326 2797 3395 Annalibus
2823 3328 2925 3409 inf-

483 3441 671 3528 signe
724 3445 1158 3509 memoratum
1213 3442 1319 3508 sit.
1374 3443 1524 3507 Dux
1567 3438 1883 3507 Albertus
1930 3435 2042 3527 (6),
2104 3438 2348 3525 Ignatii
2392 3436 2633 3503 litteris
2690 3436 2925 3521 saepius

487 3549 806 3636 acceptia-3,
863 3547 1132 3617 fovebat
1182 3548 1612 3637 cogitationes
1661 3546 1742 3615 de
1790 3546 2114 3615 Societate
2162 3544 2471 3633 pristinas
2488 3593 2507 3624 ,
2560 3541 2922 3631 praesertim

597 3762 647 3818 1.
686 3761 1009 3834 Engerdus.
1037 3762 1288 3831 Amal„
1313 3760 1362 3835 Ι,
1389 3760 1516 3821 227.

593 3842 644 3899 2.
688 3842 951 3909 Rotmar,
977 3860 1128 3900 anno
1152 3844 1306 3902 1552.

596 3920 649 3979 3.
691 3921 1018 3992 Gretserus‚
1046 3942 1104 3997 p.
1135 3923 1236 3982 251
1273 3930 1330 3980 et
1355 3920 1482 3981 252.

593 4003 648 4058 4.
687 4002 1013 4075 Scriptores
1041 4002 1312 4061 Societati
1353 4003 1413 4059 J.
1446 4002 1720 4077 adscripti
1747 4000 1967 4057 diutius
2006 4000 2077 4057 de
2104 3997 2444 4072 interposita
2484 3996 2773 4055 fundando
2811 3997 2919 4053 col-

489 4082 640 4156 legio
671 4086 833 4141 mora
861 4085 1212 4158 loquuntur;
1242 4084 1541 4142 discessus
1569 4088 1762 4140 autem
1803 4080 2097 4139 sociorum
2128 4081 2407 4136 rationem
2437 4078 2608 4136 aliam
2646 4076 2909 4134 reddunt.

489 4155 684 4230 Quum
713 4165 870 4223 enim
893 4165 1075 4223 multo
1103 4165 1292 4239 magis
1318 4164 1519 4238 religio
1543 4164 1602 4220 in
1629 4161 1873 4220 Austria
1898 4178 2072 4235 quam
2096 4162 2156 4217 in
2184 4160 2427 4217 Bavaria
2451 4162 2694 4228 nutaret,
2737 4157 2919 4229 preci-

488 4242 601 4299 bus
627 4243 972 4303 Ferdinandi
1015 4248 1172 4318 regis
1207 4244 1449 4318 fatigati,
1494 4243 1763 4301 Pontifex
1800 4242 1881 4299 M.
1930 4247 1989 4299 ct
2016 4240 2280 4315 Ignatius
2307 4238 2603 4297 Canisium
2631 4237 2916 4295 Viennam

488 4324 776 4395 proficisci
797 4326 1124 4397 jusserunt.

595 4405 647 4461 5.
688 4404 969 4473 Meda-er,
995 4406 1045 4477 1,
1067 4407 1193 4467 229.

598 4482 652 4541 6.
693 4482 824 4542 Non
855 4487 1008 4559 quod
1050 4488 1234 4545 aliena
1259 4504 1292 4543 a
1321 4486 1590 4544 Patribus
1619 4483 1833 4543 Societ.
1864 4480 2009 4542 Jesu
2044 4482 2228 4541 Ducis
2267 4480 2533 4539 voluntas
2560 4479 2753 4539 fuerit.
2788 4476 2918 4537 Fir·-

489 4580 651 4637 mum
691 4566 846 4622 enim
893 4569 1152 4625 constitit
1188 4562 1502 4625 Alberti·v
1529 4566 1588 4623 in
1617 4566 1822 4629 Patres
1856 4564 2202 4623 benevolum
2230 4563 2507 4621 studium.
2542 4561 2657 4619 Sed
2686 4566 2921 4635 propter

490 4644 733 4714 bellum,
778 4662 893 4718 quo
921 4652 1045 4705 tum
1081 4647 1389 4705 Germania
1415 4646 1857 4715 accendebatur,
1884 4644 1959 4703 ad
1984 4642 2422 4703 restaurandam
2454 4642 2629 4701 fidem
2654 4640 2922 4700 inchoata

487 4725 732 4785 consilia
759 4742 999 4785 necesse
1027 4726 1156 4787 erat
1169 4727 1598 4804 procrastinari.

2599 4823 2642 4885 d
