3564 5588
1474 631 1825 686 -1114—

423 783 716 848 diensem
751 783 1247 865 illustraverant
1279 783 1664 869 simpliciter
1689 783 2113 867 breviterque
2147 794 2567 862 memoraret,
2600 805 2863 850 eorum-

421 909 548 974 que
603 909 802 974 quum
851 891 1122 955 virtutes
1163 899 1302 956 tum
1344 890 1690 977 dignitates
1737 889 1949 954 fusius
1993 889 2362 974 explicaret
2404 890 2515 976 (1).
2569 917 2604 952 »
2654 893 2867 957 Morte

418 995 538 1061 sub
559 997 734 1062 veris
755 997 1032 1073 initium,
1063 1017 1236 1065 anno
1267 995 1460 1075 1581,
1485 998 1888 1082 interceptus
1914 1017 2076 1082 opus
2106 997 2562 1082 imperfectum
2594 996 2678 1084 (2)
2707 999 2869 1063 reli-

421 1103 597 1187 quit3
634 1123 962 1188 quumque
991 1105 1131 1191 jam
1163 1105 1344 1190 prior
1383 1105 1599 1190 operis
1639 1123 1795 1189 pars
1835 1104 2004 1190 typis
2047 1111 2215 1167 esset
2258 1123 2536 1182 excusa,
2580 1104 2867 1170 Johanni

343 1267 346 1270 ⁴
419 1208 762 1295 Engerdo,
814 1210 1092 1297 Gollegii
1138 1211 1527 1297 Theologici
1571 1212 1874 1288 Decan0,
1922 1229 2159 1274 munus
2213 1211 2497 1275 moriens
2548 1205 2870 1276 commisit

422 1315 798 1381 inchoatum
834 1336 999 1403 opus
1035 1317 1115 1381 ad
1155 1316 1353 1382 finem
1387 1316 1818 1402 perducendi.
1859 1315 2156 1402 Engerdi
2198 1315 2550 1433 industria,
2597 1317 2865 1382 absolu-

420 1430 556 1486 tum
583 1442 766 1508 opuS,
806 1442 980 1488 anno
1011 1421 1188 1489 1581
1214 1433 1522 1501 exeunte,
1556 1423 1802 1489 editum
1833 1431 1929 1487 est
1952 1421 2063 1508 (3).

507 1527 703 1593 Anno
761 1525 968 1607 1772,
1027 1531 1374 1594 consilium
1435 1549 1675 1616 cepere
1728 1530 1959 1593 Patres
2010 1527 2397 1605 Academici
2431 1527 2516 1614 (4)
2572 1530 2867 1597 Rotmari

407 1653 582 1723 ,opus
614 1655 821 1718 usque
863 1635 947 1701 ad
975 1646 1366 1721 praesentem
1404 1656 1650 1701 annum
1677 1635 2087 1721 perducere,
2117 1654 2225 1699 res
2257 1635 2527 1701 Medero
2552 1637 2887 1722 permissa

419 1749 536 1818 est,
574 1740 842 1826 publico
876 1742 1297 1807 historiarum
1331 1743 1711 1828 professori.
1751 1741 1967 1816 Quum
2010 1741 2145 1806 non
2183 1741 2360 1806 ultra
2408 1761 2651 1806 annum
2693 1740 2869 1808 1579
2942 1771 2949 1788 ·

417 1847 770 1920 Rotmarus
821 1867 1209 1935 progressus
1269 1850 1389 1928 sit,
1456 1849 1729 1915 Medero
1784 1833 2038 1914 tantum
2102 1848 2268 1913 duce
2311 1868 2539 1932 ,usque
2604 1849 2687 1914 ad
2749 1869 2867 1914 an-

414 1973 574 2018 num
619 1951 790 2020 1588
826 1956 928 2020 usi
973 1976 1221 2021 sumuS.
2220 2035 2229 2044 ,

506 2059 638 2125 Sed
666 2061 861 2146 primi
897 2081 1154 2146 quoque
1183 2081 1224 2126 a
1251 2061 1636 2126 fundatione
1673 2062 1904 2147 saeculi
1938 2061 2234 2127 Annales
2270 2063 2603 2126 evolventi
2636 2062 2863 2126 certis·
2954 2081 2962 2087 ·

415 2167 651 2232 simum
697 2167 1057 2232 subsidium
1102 2166 1415 2232 Mederus
1455 2166 1862 2252 suppeditat,
1918 2168 2160 2252 quippe
2212 2168 2321 2251 qui
2365 2168 2863 2232 Rotmarianum
2914 2196 2925 2202 ·
2975 2235 2979 2240 ,

414 2281 667 2337 textum
709 2293 844 2364 non
885 2273 1203 2338 mediocri
1245 2273 1704 2357 supplemento
1741 2273 2144 2357 expleverit,
2190 2280 2255 2337 et
2285 2273 2493 2337 multa
2532 2293 2675 2356 quae
2707 2274 2868 2338 Rot-

417 2399 601 2444 maro
639 2389 750 2443 aut
785 2379 1044 2443 inutilia
1077 2387 1190 2443 aut
1222 2380 1481 2465 ingrata
1515 2378 1742 2443 forsan
1782 2379 2079 2457 fuissent,
2118 2378 2471 2458 addiderit.
2510 2380 2699 2443 Teste
2726 2381 2865 2464 ipso

417 2483 691 2549 Medero
729 2483 849 2571 (5),
903 2485 1012 2568 qui
1055 2485 1303 2549 fuerint
1348 2485 1530 2556 illius
1570 2485 1789 2569 operis
1828 2483 2041 2550 fontes
2078 2485 2451 2571 accepimus
2492 2511 2506 2548 :
2552 2510 2586 2545 ‹
2631 2486 2861 2551 Matri-

417 2591 574 2656 cula
598 2592 929 2692 praecipue
961 2591 1366 2656 Academica
1402 2600 1468 2656 et
1502 2591 1740 2656 Diariis
1776 2591 2194 2656 Facultatum
2235 2616 2270 2651 »
2302 2612 2460 2656 usus
2486 2600 2603 2669 est,
2652 2617 2686 2652 ‹
2721 2592 2863 2658 Me-

416 2695 628 2762 dicae
610 2697 928 2783 imprimis
964 2717 1044 2762 ac
1083 2697 1559 2783 Philosophiae,
1605 2717 1750 2783 quae
1785 2699 2088 2784 nuspiam
2134 2697 2276 2762 fere
2320 2695 2669 2778 deficiunt,
2721 2725 2756 2760 »
2802 2709 2864 2764 et

414 2824 782 2889 quanquam
833 2805 1254 2891 Theologicae
1303 2806 1665 2870 Facultatis
1707 2826 1793 2870 ex
1842 2798 2064 2890 aliqua
2090 2814 2277 2891 parte
2308 2806 2592 2874 annales,
2620 2804 2862 2873 defice-

410 2921 582 2990 rent,
612 2912 985 2976 certissimis
1011 2911 1203 2976 modo
1230 2912 1668 2976 monumentis
1693 2911 1891 2976 fidem
1920 2911 2236 2976 adhibuit.

421 3004 426 3013 ’
499 3017 727 3101 Itaque
765 3018 1064 3083 Rotmari
1102 3027 1168 3083 et
1204 3017 1460 3082 Mederi
1504 3017 1827 3083 beneficio
1867 3016 2055 3083 nobis
2093 3019 2281 3083 licuit
2320 3019 2881 3105 Ingolstadiensis

411 3121 791 3188 Academiae
829 3124 1167 3189 historiam
1213 3122 1294 3188 de
1336 3124 1595 3209 integro
1638 3115 2008 3189 restituere.
2061 3124 2368 3189 Profecto
2413 3125 2857 3190 Rotmarianis

411 3227 786 3293 Annalibus
820 3229 949 3295 hoc
979 3230 1209 3294 vitium
1238 3238 1335 3293 est
1367 3238 1439 3294 ut
1461 3249 1570 3295 res
1599 3228 1850 3308 omnes,
1890 3249 2146 3316 magnae
2181 3239 2292 3294 aut
2321 3230 2525 3308 leveS‚
2560 3231 2855 3317 ejusdem

408 3335 832 3414 aestimentur,
873 3344 938 3400 et
971 3336 1208 3421 saepius
1241 3334 1670 3401 obscurorum
1717 3338 2009 3402 virorum
2040 3335 2275 3401 laudes
2314 3334 2603 3401 inflatius
2644 3338 2855 3403 extol-

407 3439 655 3506 lantur.
700 3440 1060 3507 Commune
1104 3442 1232 3507 hoc
1271 3449 1367 3506 est
1405 3442 1726 3529 ejusmodi
1767 3442 2076 3528 operibus
2114 3443 2367 3520 vitium,
2404 3452 2469 3507 et
2505 3442 2694 3509 nobis
2736 3464 2854 3507 ne-

407 3567 591 3612 cesse
627 3548 753 3612 fuit
791 3547 1091 3612 Annales
1130 3557 1242 3613 aut
1273 3549 1608 3634 corrigere
1646 3558 1757 3613 aut
1792 3549 2162 3626 absolvere,
2204 3548 2495 3614 adhibita
2532 3549 2851 3615 librorum

395 3654 699 3719 -omnium
735 3655 1146 3733 recensione,
1188 3656 1298 3738 qui
1339 3655 1421 3720 de
1458 3654 1863 3740 Ingolstadio
1903 3664 2013 3719 aut
2046 3655 2128 3719 de
2168 3656 2468 3721 Bavariae
2506 3655 2707 3721 rebus
2740 3667 2852 3722 aut

405 3758 488 3823 de
524 3760 782 3845 privata
821 3761 1222 3846 inclytorum
1259 3754 1599 3826 doctorum
1634 3770 1698 3825 et
1730 3743 2174 3847 professorum
2209 3762 2345 3826 vita
2374 3770 2841 3828 tractaverunt.

510 3999 562 4053 1.
601 3998 868 4072 Enqerdi
901 3998 1188 4071 Epistola
1217 3998 1632 4069 dedicatoria,
1670 4016 1728 4071 p.
1764 3998 1899 4055 VII.

507 4078 563 4134 2.
605 4078 874 4137 «Eri-ata
914 4079 1178 4135 Rotmari
1229 4096 1358 4150 quae
1404 4096 1519 4136 non
1567 4096 1751 4151 pauca
1802 4080 1943 4136 mihi
1987 4058 2386 4138 occurrerunt.
2444 4112 2512 4123 -
2527 4080 2841 4155 Praefatio

317 4158 326 4165 '
408 4157 646 4214 Mederi.

509 4237 560 4293 3.
599 4237 883 4295 Mederer.
914 4238 993 4305 ΙΙ,
1043 4258 1100 4312 p.
1151 4238 1240 4295 57.
1275 4238 1592 4311 Epistulam
1621 4239 2031 4297 dedicatoriam
2068 4240 2161 4297 die
2190 4240 2340 4297 XIV
2367 4254 2552 4299 mens,
2592 4240 2837 4297 Novem.

404 4315 535 4373 1581
559 4317 716 4373 dedit
741 4318 1070 4389 Ε11361ᾱ118.

508 4397 560 4453 4.
599 4398 820 4455 Mederi
840 4399 1118 4471 praefatio,

507 4475 748 4543 Quoties
783 4480 842 4534 in
874 4480 1091 4535 notulis
1131 4479 1394 4536 Rotmari
1425 4479 1754 4553 Eugeidive
1799 4488 1900 4537 aut
1946 4481 2165 4537 Mederi
2196 4499 2418 4557 nomen
2460 4482 2743 4549 laudatur,
2768 4482 2839 4537 ad

399 4573 526 4613 eam
558 4559 782 4615 scilicet
806 4560 1122 4615 Annalium
1146 4558 1631 4630 Ingolstadiensis
1669 4561 2001 4617 Academiae
2028 4569 2248 4633 partem
2288 4564 2497 4619 notulae
2528 4578 2590 4617 an
2592 4576 2839 4638 gumen

399 4646 523 4693 tum
553 4643 796 4709 spectat,
827 4656 1000 4710 quam
1028 4640 1430 4711 unusquisque
1476 4641 1730 4696 ediderit.
1927 4652 1933 4657 '

505 4717 556 4773 5.
599 4716 816 4773 Mederi
847 4720 1122 4791 praefatio,
1149 4720 1264 4792 Ap.
1301 4724 1450 4777 Ann.
1477 4725 1605 4793 [ηρ.
1640 4722 1833 4777 Acad.
