3564 5588
1653 561 2030 606 —X11—-

711 705 905 770 Haud
951 714 1169 769 tamen
1209 704 1420 790 major
1463 722 1648 787 aequo
1682 702 1840 767 huic
1881 700 2275 766 documento
2310 699 2475 766 fides
2512 701 2889 768 adhibenda
2930 714 3065 785 θείς

621 810 869 878 eodem.
884 811 1057 876 enim
1083 829 1279 888 ann0,
1304 808 1496 887 1492,
1523 799 1930 874 'Conradum
1954 807 2219 874 Celtem
2238 815 2548 893 tanquam
2574 827 2886 876 «novum
2898 830 3070 894 pro-

617 921 974 1002 fessorem,
985 918 1181 1002 prof.
1201 917 1492 982 human.
1504 940 1538 974 »
1556 914 1944 1002 Ingolstadii
1966 915 2351 1000 inscriptum
2368 915 2745 982 invenimus
2772 915 2857 1003 (l)
2869 967 2884 982 .
2902 917 3069 992 Con,-

618 1019 765 1092 radi
793 1023 992 1090 Celtis
1023 1023 1329 1110 auspiciis
1360 1031 1826 1108 processerunt
1852 1021 2167 1106 paulatim
2212 1020 2598 1107 Ingolstadii
2641 1024 3068 1090 humaniores

620 1132 879 1196 litterae.

699 1239 788 1302 In
827 1236 1176 1303 annalibus
1207 1235 1608 1302 Viennensis
1637 1181 2015 1302 Academiae
2047 1242 2197 1300 acta
2229 1235 2545 1320 inscripta
2572 1244 2754 1314 sunt,
2790 1256 3067 1321 quorum

619 1344 869 1410 auxilio
903 1363 1054 1410 eum
1085 1343 1490 1429 potissimum
1525 1361 1774 1408 annum
1807 1351 2041 1407 notare
2077 1339 2237 1406 licet
2270 1361 2397 1426 quo
2429 1340 2925 1408 humanioribus
2953 1341 3067 1408 lit-

573 1439 584 1450 ’
619 1450 774 1516 teris
817 1451 1005 1535 quasi
1046 1451 1237 1516 locus
1274 1451 1344 1514 in
1379 1449 1748 1516 Viennensi
1789 1446 2155 1514 Academia
2194 1447 2399 1513 fuerit
2444 1449 2835 1534 assignatus.
2873 1449 3071 1515 Anno
3168 1445 3175 1454 ’

619 1557 792 1622 enim
836 1553 1006 1622 1500
1055 1580 1090 1615 ‹
1141 1552 1591 1621 restaurandae
1639 1555 1980 1620 latinitatis
2031 1555 2235 1619 causa
2276 1579 2311 1613 ›
2368 1554 2636 1620 articuli
2686 1555 2955 1621 fuerunt
2999 1557 3069 1620 in

616 1663 842 1728 lucem
871 1661 1028 1727 editi
1055 1661 1169 1748 (2).
1198 1661 1352 1728 Non
1379 1660 1552 1746 quod
1579 1661 1839 1727 nullum
1866 1669 2015 1726 ante
2039 1659 2226 1725 illam
2258 1668 2515 1726 aetatem
2534 1660 2816 1726 Viennae
2839 1661 3072 1730 huma-

615 1769 876 1834 niorum
905 1768 1278 1834 litterarum
1305 1762 1655 1854 &estigium
1683 1767 2086 1853 apparuerit,
2111 1756 2479 1852 ‘praesertim
2505 1787 2705 1852 quum
2734 1767 2817 1832 de
2837 1767 3067 1835 iisdem

617 1873 914 1940 articulis
939 1873 1410 1940 Mitterdorfius
1434 1869 1760 1940 'memoret
1786 1899 1823 1934 ‹
1851 1874 2005 1939 illos
2021 1873 2164 1960 jam
2186 1872 2633 1959 superioribus
2659 1874 2848 1938 annis
2868 1874 3069 1940 fuisse

617 1990 993 2066 conceptos.
1033 2007 1068 2041 ›
1107 1981 1318 2054 Anno,
1339 1989 1561 2046 tamen
1603 1980 1871 2047 circiter
1924 1977 2093 2046 1500
2137 1978 2408 2066 publica
2444 1979 2858 2046 Humanismi
2896 1980 3069 2066 apud

616 2087 1002 2154 Viennense
1030 2085 1318 2154 studium
1341 2087 1529 2152 initia
1551 2088 1894 2173 assignare
1924 2069 2107 2152 licet.
2932 2175 2936 2180 ,

695 2183 1100 2280 'Ingolstadii
1121 2199 1364 2272 autem,
1389 2194 1502 2259 vel
1523 2214 1722 2278 quum
1743 2193 2170 2261 humaniores
2192 2193 2430 2258 litterae
2445 2191 2703 2280 jamdiu
2724 2193 2793 2258 in
2816 2193 3068 2272 honore

616 2309 864 2377 essent,
911 2299 1172 2366 nullum
1224 2301 1424 2388 hujus
1445 2369 1448 2374 ,
1469 2299 1939 2390 immutationis
1989 2299 2339 2386 vestigium
2388 2299 2560 2364 inter
2612 2307 2763 2366 acta
2799 2299 3071 2387 publica

616 2405 777 2471 licet
807 2404 1329 2491 deprehendere.

635 2577 644 2588 ,
703 2510 900 2590 Haud
944 2510 1215 2578 dubium
1261 2522 1359 2578 est
1397 2513 1570 2596 quin,
1599 2511 1889 2578 Conradi
1926 2511 2129 2578 Celtis
2164 2511 2455 2579 adventu
2481 2532 2671 2580 novae
2702 2510 3065 2594 studiorum

612 2617 886 2684 rationis
908 2618 1096 2684 initia
1119 2617 1570 2706 designentur.

633 2773 640 2778 -
703 2724 741 2790 J
746 2723 968 2792 amdiu
1001 2725 1200 2805 enim,
1232 2727 1356 2797 etsi
1376 2745 1507 2791 non
1535 2727 1711 2792 intra
1734 2713 2246 2792 Academiarum
2274 2745 2520 2804 murOS,
2556 2725 2758 2792 animi
2780 2724 2866 2790 ad
2890 2744 3069 2790 nova

613 2831 830 2898 studia
858 2852 1002 2899 sese
1035 2843 1523 2912 converterant,
1561 2853 1711 2929 nec,
1751 2835 1864 2900 vel
1894 2836 1965 2899 in
2000 2834 2378 2913 Germania,
2418 2835 2547 2900 viri
2579 2834 2928 2899 defuerant
2954 2833 3065 2917 qui

519 2961 526 2968 ·
614 2938 934 3005 Italorum
973 2940 1264 3027 vestigiis
1311 2940 1681 3006 insistentes
1723 2940 1863 3026 (3),
1890 2942 2225 3007 renovatis
2268 2942 2527 3017 litteris
2554 2961 2625 3006 se
2667 2950 2800 3007 toto
2846 2941 3063 3007 animo

594 3043 1038 3131 dedidissent.
1070 3046 1268 3115 Anno
1321 3044 1516 3125 1492,
1559 3046 1901 3113 Conradus
1947 3047 2147 3114 Celtis
2190 3068 2403 3113 novus
2437 3045 2771 3134 professor
2799 3046 3057 3111 Huma-

613 3152 836 3217 nitatis
871 3152 1047 3238 apud
1083 3152 1672 3239 Ingolstadiensem
1705 3153 2140 3219 Academiam
2170 3155 2521 3241 inscriptus
2545 3163 2642 3219 est
2668 3152 2790 3238 (4).

703 3256 1072 3328 conradus
1118 3258 1431 3338 Meissel,
1476 3260 1869 3346 cognomine
1921 3259 2123 3325 Celtis
2164 3260 2277 3346 (5),
2321 3261 2463 3348 jam
2522 3269 2839 3347 pernotus
2888 3259 3063 3344 apud

612 3363 978 3431 Germanos
1011 3375 1152 3430 erat
1183 3384 1382 3451 quum
1417 3365 1897 3452 Ingolstadium
1930 3365 2218 3432 advenit.
2269 3352 2592 3444 Erfordii,
2637 3363 3056 3442 Schlestadii,

613 3468 900 3543 Coloniae
939 3492 1009 3537 se
1057 3470 1140 3539 ad
1176 3473 1530 3537 oratoriam
1572 3472 2029 3558 poeticamque
2074 3473 2566 3559 applicaverat3
2618 3481 2817 3556 utque
2861 3471 3061 3538 animi

611 3576 714 3641 sui
737 3576 1083 3643 facultates
1114 3576 1558 3664 comparando
1586 3588 1955 3656 exerceret,
1986 3598 2215 3645 omnes
2254 3576 2623 3644 Germaniae
2667 3577 3061 3643 Academias

610 3682 937 3761 lustravit,
988 3684 1381 3768 Italiamque
1429 3684 1673 3763 invisit,
1720 3684 1836 3749 ubi
1892 3694 2051 3752 tunc
2093 3685 2455 3771 plurimum
2505 3685 2876 3751 litterarum
2920 3693 3057 3749 stu-

611 3786 830 3867 diosus
883 3790 988 3853 vir
1047 3790 1324 3875 quilibet
1365 3789 1768 3875 proficiebat.
1818 3792 2150 3870 Parmam,
2222 3792 2621 3871 Ferrariam,
2683 3791 3053 3868 Boloniam‚

609 4099 770 4314 1⁷2}
808 4098 1594 4332 {zzglcigrflessgbmpectus
1614 4181 1875 4238 historiae
1890 4182 2230 4239 Viennensis
2260 4182 2519 4239 Univers.
2532 4198 2627 4253 ,.p
2656 4182 2749 4239 61.
2776 4180 3055 4253 (Viennae.

773 4275 804 4314 e
963 4276 996 4315 ο

715 4338 767 4393 3.
812 4338 887 4393 V.
923 4339 1160 4411 August
1209 4340 2017 4416 Kobe1·stein.(Grandrzss
2065 4343 2175 4400 der
2219 4343 2559 4401 Gesckichte
2588 4342 2697 4399 der
2732 4341 3059 4397 Deutschen

608 4418 1248 4486 Nationallitteratur,
1280 4422 1390 4477 vol.
1423 4420 1492 4494 Ι.)

715 4498 771 4553 4.
811 4499 1059 4565 Annal„
1089 4498 1140 4565 Ι,
1164 4499 1250 4557 39.

715 4580 765 4635 5.
807 4577 880 4632 V.
916 4579 1275 4636 Aschbach:
1330 4582 1437 4637 Die
1476 4582 1761 4657 frulteren
1792 4586 1879 4640 W
1874 4584 2246 4657 andemakre
2274 4584 2375 4640 des
2419 4582 2667 4641 Conrad
2696 4582 2907 4651 Celtas,
2933 4580 3057 4637 ἰιπά

608 4657 704 4714 die
738 4657 1014 4732 Anfcinqe
1039 4660 1162 4715 der
1180 4678 1310 4717 von
1317 4662 1437 4717 ihm
1472 4663 1828 4720 erriclzteten
1879 4665 2183 4738 yelehrten
2226 4664 2628 4722 Sodalitdten.
2661 4624 3050 4728 Wien,’1869.
