3564 5588
1581 613 1664 626 --
1709 596 1851 642 LIII
1897 613 1980 625 -··

571 735 772 800 causa
811 733 932 800 illa
963 744 1192 822 sponte
1234 734 1572 803 laborasse
1620 755 1816 822 quam
1860 735 2054 803 valde
2099 755 2335 812 curare
2372 757 2486 804 eos
2520 736 2817 806 decebat.
2859 739 2993 808 Res

571 848 760 906 extra
779 839 1205 908 Academiam
1236 843 1476 929 patuit;
1495 897 1502 902 .
1518 843 1764 910 civium
1802 845 1999 910 etiam
2038 843 2287 912 animos
2326 844 2651 924 accendit,
2698 847 2990 914 insolen-

568 946 1057 1033 tentissimaque
1097 949 1374 1016 crimina
1404 950 1442 1015 J
1446 950 1669 1017 esuitis
1704 960 1856 1017 sunt
1890 950 2103 1018 illata.
2137 949 2353 1027 Quum
2384 952 2559 1018 enim
2588 950 2880 1019 nondum
2910 952 2993 1020 ab

567 1053 700 1120 illis
731 1053 816 1120 ad
842 1054 1078 1121 choros
1110 1055 1630 1144 hymnodiasque
1669 1054 2165 1144 pueri'fuissent
2202 1058 2573 1137 exercitati,
2604 1058 2996 1146 jactitabant
3064 1121 3073 1132 .

567 1180 793 1229 omnes
820 1161 994 1228 male
1024 1162 1106 1228 ab
1147 1164 1426 1250 antiquis
1456 1163 1744 1239 traditos,
1763 1183 1979 1232 mores
2019 1165 2293 1244 servari,
2335 1184 2415 1232 eo
2452 1166 2663 1254 magis
2697 1166 2868 1252 quod
2917 1168 2998 1234 ea

567 1269 968 1356 potissimum
1020 1269 1185 1336 hora
1231 1271 1422 1358 pueri
1451 1271 1544 1337 -in
1589 1271 1831 1339 scholis
1877 1271 2329 1357 detinerentur
2377 1273 2506 1357 qua
2567 1273 2637 1340 in
2700 1272 2997 1340 ecclesiis

567 1383 800 1443 cantus
876 1373 1022 1442 fieri
1089 1377 1409 1458 solerent,
1490 1387 1554 1445 et
1623 1379 1957 1467 potissimo
2024 1379 2447 1446 invitamento
2521 1379 2997 1458 catholicarum

570 1484 1009 1550 ecclesiarum
1091 1503 1282 1552 sacra
1361 1484 1642 1552 destitui.
1715 1485 1915 1573 Apud
1994 1485 2235 1552 multos
2302 1487 2575 1554 valuere
2644 1487 2791 1556 haec
2860 1490 2995 1557 cri-

567 1590 779 1676 mina;
810 1591 1046 1658 firmus
1071 1600 1290 1659 autem
1320 1592 1471 1659 Dux
1505 1593 1978 1679 perseveravit,
2016 1591 2362 1679 medioque
2402 1602 2734 1675 autumno,
2764 1595 2996 1664 eodem

566 1696 672 1764 die
719 1699 847 1784 quo
895 1699 1141 1766 Rector
1189 1718 1402 1766 novus
1437 1700 1959 1780 renuntiaretur,
2011 1699 2095 1766 ad
2147 1698 2553 1767 edocendam
2608 1702 2997 1772 latinitatem

564 1804 849 1892 publicae
881 1806 1154 1873 Patrum
1191 1807 1438 1874 scholae
1477 1808 1842 1874 constitutae
1874 1815 2044 1874 sunt.
2076 1807 2155 1873 In
2178 1815 2404 1874 vetere
2434 1807 2721 1896 collegio
2744 1819 2816 1876 ut
2846 1820 2996 1878 ante

565 1911 1004 1998 edocuerunt3
1051 1918 1119 1980 et
1159 1915 1228 1980 in
1271 1913 1672 1982 Academica
1717 1914 2134 1984 Bibliotheca
2171 1916 2321 1982 Dux
2370 1913 2764 1982 auditorium
2804 1917 2999 2006 jussit

563 2022 954 2107 comparari,
989 2021 1059 2087 in
1092 2041 1220 2107 quo
1254 2020 1766 2089 Grammaticam
1794 2022 2347 2109 Rhetoricamque
2382 2023 2611 2088 Patres
2653 2022 2991 2092 docerent.

561 2127 648 2196 Ut
672 2136 892 2194 tamen
924 2129 996 2194 in
1027 2129 1312 2218 minimis
1348 2127 1694 2197 satisfieret
1724 2129 2236 2218 refragantibuS,
2270 2127 2607 2198 decretum
2648 2138 2746 2197 est
2776 2133 2997 2218 pueris

561 2233 900 2301 licentiam
936 2234 1219 2316 dandam
1247 2255 1391 2304 esse
1432 2256 1518 2304 ex
1560 2236 1792 2304 schola
1816 2255 2009 2304 mane
2044 2246 2110 2302 et
2143 2235 2770 2322 vespereexeundi,
2812 2246 2885 2304 ut
2926 2239 2996 2304 in

559 2341 878 2427 parochia
910 2344 1032 2410 sua
1064 2343 1336 2430 quisque
1375 2342 1632 2411 adesset
1656 2344 2167 2434 quotiescunque
2200 2342 2510 2410 cantandi
2544 2343 2805 2411 occasio
2830 2363 2993 2412 con-

561 2445 869 2534 tingeret.
894 2449 1041 2518 Nec
1073 2450 1338 2538 longius
1368 2470 1447 2517 eo
1483 2469 1657 2516 anno
1694 2449 1927 2516 Patres
1954 2449 2286 2537 progressi
2310 2457 2482 2516 sunt.

647 2556 728 2623 In
773 2556 918 2644 ipsa
949 2565 1166 2624 autem
1203 2556 1569 2626 Academia
1606 2557 1929 2644 Theologi
1952 2555 2083 2624 duo
2121 2555 2573 2624 Covillonius
2616 2562 2684 2624 et
2728 2557 2995 2627 Tiroeus

561 2664 860 2731 Psalmos
898 2665 1162 2731 Davidis
1196 2664 1806 2750 Sententiarumque
1834 2663 2079 2731 librum
2108 2664 2285 2732 IV¹¹¹¹¹
2317 2665 2545 2752 legere
2577 2665 2987 2752 inceperunt,

548 2771 866 2860 jussuque
914 2772 1240 2862 Principis
1277 2773 1471 2841 etiam
1512 2773 1582 2840 in
1611 2773 1817 2854 feriiS,
1856 2792 2017 2859 quas
2050 2771 2582 2843 Vindematorias
2612 2771 2987 2865 vocant(l),

557 2880 626 2945 in
653 2879 940 2968 legendo
961 2891 1577 2969 perseveraverunt.
1623 2880 1957 2947 Induxere
2006 2881 2251 2947 acriter
2292 2879 2665 2968 disputandi
2709 2902 2989 2975 consue-

558 2985 874 3068 tudinem,
920 3008 1048 3073 quo
1096 2988 1401 3057 destituta
1427 2988 1688 3085 ‘aculeo
1728 2989 2043 3077 juvenum
2084 2986 2301 3054 studia
2339 2987 2588 3076 frigore
2622 2989 2687 3056 e't
2712 2989 2991 3077 langore

555 3094 771 3161 solent
817 3095 1091 3163 obtundi
1107 3094 1224 3186 (2).

643 3201 872 3269 Mense
922 3212 1143 3271 autem
1197 3203 1586 3291 Septembri,
1632 3204 1833 3271 Pater
1882 3224 1921 3269 e
1968 3203 2293 3271 Societate
2349 3222 2561 3281 novus
2613 3203 2990 3274 Academiae

556 3308 910 3377 Pectanus
960 3309 1326 3399 adscriptus
1376 3321 1494 3391 est,
1554 3313 1664 3397 qui
1720 3310 2021 3379 Graecam
2080 3311 2381 3398 linguam
2435 3311 2988 3401 Rhetoricamque

553 3414 844 3483 doceret.
1139 3486 1142 3491 ,

653 3531 1032 3615 Insequenti
1075 3538 1292 3595 autem
1333 3546 1528 3607 ann0,
1577 3525 1769 3608 1557,
1807 3536 1951 3614 post
1996 3528 2259 3595 comitia
2304 3527 2830 3624 Ratisbonensia,
2871 3530 2983 3595 lit-

553 3649 725 3707 teras
758 3637 840 3704 ad
860 3637 1230 3724 Theologos
1252 3634 1979 3724 IngolstadiensesDux
2002 3634 2315 3711 Albertus
2342 3635 2535 3714 misit,
2565 3634 2801 3721 quibus
2831 3656 2981 3705 rec-

554 3755 686 3813 tam
730 3744 1280 3812 Academicarum
1330 3742 1528 3811 fidem
1577 3744 1816 3811 melius
1870 3740 2311 3823 confirmaret,
2354 3762 2554 3829 seque
2604 3763 2717 3821 eos
2757 3764 2983 3813 omnes

552 3852 838 3940 benigne
897 3861 1322 3938 accepturum
1383 3871 1524 3918 esse
1577 3850 2010 3939 polliceretur
2052 3851 2162 3937 qui
2221 3849 2521 3918 doctrina
2564 3851 2981 3939 moribusque

552 3961 840 4047 insignes
863 3958 1240 4038 evaderent,
1262 3984 1296 4021 ‹
1314 3960 1711 4043 Boicamque
1738 3959 1999 4047 asylum
2020 3958 2381 4025 exsulantis
2402 3958 2655 4025 virtutis
2672 3959 2981 4046 patriam-

555 4090 590 4127 «
640 4086 764 4151 que
800 4086 978 4132 verae
1003 4067 1340 4153 religionis
1369 4065 1862 4134 commendaret
1886 4091 1919 4126 x·
1954 4064 2065 4153 (3).
2156 4154 2163 4160 ·

638 4172 834 4240 Haud
873 4174 1104 4251 semel,
1161 4192 1334 4240 anno
1389 4158 1560 4241 1558
1603 4183 1668 4239 et
1719 4172 1911 4253 1559,
1960 4174 2258 4260 apparuit
2304 4193 2431 4259 quo
2466 4138 2677 4241 studio
2717 4174 2755 4239 J
2760 4174 2981 4253 esuitae

548 4281 743 4367 potiri
778 4280 1152 4347 Academiis
1202 4288 1611 4367 exoptarent.
1657 4280 1887 4357 Quum
1925 4281 2098 4346 enim
2141 4281 2282 4369 jam
2331 4300 2503 4347 anno
2547 4277 2739 4362 1558,
2781 4280 2981 4348 Pater

653 4564 708 4619 ι.
750 4546 1174 4637 Adia-einans
1225 4564 1350 4623 266.

589 4715 592 4719 ,
652 4645 706 4699 2.
747 4644 900 4703 mm.

657 4723 708 4779 3.
747 4723 1117 4793 Adlzreitter,
1148 4742 1206 4798 p.
1223 4724 1350 4784 ⁴268.
