<?xml version="1.0" encoding="UTF-8"?>
<!DOCTYPE html PUBLIC "-//W3C//DTD XHTML 1.0 Transitional//EN"
    "http://www.w3.org/TR/xhtml1/DTD/xhtml1-transitional.dtd">
<html xmlns="http://www.w3.org/1999/xhtml" xml:lang="en" lang="en">
 <head>
  <title>
</title>
<meta http-equiv="Content-Type" content="text/html;charset=utf-8" />
  <meta name='ocr-system' content='tesseract 3.04.00' />
  <meta name='ocr-capabilities' content='ocr_page ocr_carea ocr_par ocr_line ocrx_word'/>
</head>
<body>
  <div class='ocr_page' id='page_1' title='image "./conspectushisto00crozgoog_0026.png"; bbox 0 0 3564 5588; ppageno 0'>
   <div class='ocr_carea' id='block_1_1' title="bbox 1615 589 2013 633">
    <p class='ocr_par' dir='ltr' id='par_1_1' title="bbox 1615 589 2013 633">
     <span class='ocr_line' id='line_1_1' title="bbox 1615 589 2013 633; baseline 0 0"><span class='ocrx_word' id='word_1_1' title='bbox 1615 589 2013 633; x_wconf 73' lang='lat' dir='ltr'><strong>-XIV—</strong></span> 
     </span>
    </p>
   </div>
   <div class='ocr_carea' id='block_1_2' title="bbox 511 711 3097 3905">
    <p class='ocr_par' dir='ltr' id='par_1_2' title="bbox 511 711 3097 2947">
     <span class='ocr_line' id='line_1_2' title="bbox 511 711 3097 818; baseline 0.001 -24"><span class='ocrx_word' id='word_1_2' title='bbox 511 711 520 724; x_wconf 82' lang='grc'>’</span> <span class='ocrx_word' id='word_1_3' title='bbox 595 759 630 794; x_wconf 77' lang='grc'><strong>«</strong></span> <span class='ocrx_word' id='word_1_4' title='bbox 680 733 884 799; x_wconf 75' lang='lat' dir='ltr'>v‘ariae</span> <span class='ocrx_word' id='word_1_5' title='bbox 925 728 1020 818; x_wconf 84' lang='lat'>(1)</span> <span class='ocrx_word' id='word_1_6' title='bbox 1057 755 1091 790; x_wconf 81' lang='lat'><strong>»</strong></span> <span class='ocrx_word' id='word_1_7' title='bbox 1140 731 1296 797; x_wconf 87' lang='lat' dir='ltr'>licet</span> <span class='ocrx_word' id='word_1_8' title='bbox 1341 728 1866 815; x_wconf 80' lang='lat' dir='ltr'>deprehendere.</span> <span class='ocrx_word' id='word_1_9' title='bbox 1909 729 2193 800; x_wconf 86' lang='lat' dir='ltr'>Videtur</span> <span class='ocrx_word' id='word_1_10' title='bbox 2243 731 2419 794; x_wconf 90' lang='lat' dir='ltr'>enim</span> <span class='ocrx_word' id='word_1_11' title='bbox 2468 729 2668 796; x_wconf 83' lang='lat' dir='ltr'>Celtis</span> <span class='ocrx_word' id='word_1_12' title='bbox 2719 747 2851 796; x_wconf 90' lang='lat' dir='ltr'>non</span> <span class='ocrx_word' id='word_1_13' title='bbox 2903 741 3034 798; x_wconf 49' lang='lat' dir='ltr'>&gt;tam</span> <span class='ocrx_word' id='word_1_14' title='bbox 3090 798 3097 808; x_wconf 67' lang='grc'><em>,</em></span> 
     </span>
     <span class='ocr_line' id='line_1_3' title="bbox 589 836 3032 926; baseline -0 -22"><span class='ocrx_word' id='word_1_15' title='bbox 589 840 1084 926; x_wconf 85' lang='lat' dir='ltr'>Panegyricum</span> <span class='ocrx_word' id='word_1_16' title='bbox 1111 836 1365 901; x_wconf 91' lang='lat' dir='ltr'>Ducum</span> <span class='ocrx_word' id='word_1_17' title='bbox 1391 855 1585 920; x_wconf 91' lang='lat' dir='ltr'>quam</span> <span class='ocrx_word' id='word_1_18' title='bbox 1625 855 1894 900; x_wconf 89' lang='lat' dir='ltr'>suarum</span> <span class='ocrx_word' id='word_1_19' title='bbox 1944 837 2304 906; x_wconf 81' lang='lat' dir='ltr'>lectionum</span> <span class='ocrx_word' id='word_1_20' title='bbox 2336 845 2796 923; x_wconf 83' lang='lat' dir='ltr'>argumentum</span> <span class='ocrx_word' id='word_1_21' title='bbox 2822 839 3032 924; x_wconf 86' lang='lat' dir='ltr'>scrip-</span> 
     </span>
     <span class='ocr_line' id='line_1_4' title="bbox 585 941 3036 1029; baseline 0.001 -19"><span class='ocrx_word' id='word_1_22' title='bbox 585 947 796 1028; x_wconf 76' lang='lat' dir='ltr'>sisse3</span> <span class='ocrx_word' id='word_1_23' title='bbox 849 965 999 1025; x_wconf 69' lang='lat' dir='ltr'>nec,3</span> <span class='ocrx_word' id='word_1_24' title='bbox 1022 943 1376 1029; x_wconf 85' lang='lat' dir='ltr'><strong>quidquam</strong></span> <span class='ocrx_word' id='word_1_25' title='bbox 1414 941 1594 1006; x_wconf 86' lang='lat' dir='ltr'>aliud</span> <span class='ocrx_word' id='word_1_26' title='bbox 1635 951 1732 1006; x_wconf 86' lang='lat' dir='ltr'>est</span> <span class='ocrx_word' id='word_1_27' title='bbox 1760 943 2219 1028; x_wconf 85' lang='lat' dir='ltr'>Panegyricus</span> <span class='ocrx_word' id='word_1_28' title='bbox 2252 943 2371 1008; x_wconf 86' lang='lat' dir='ltr'>ille</span> <span class='ocrx_word' id='word_1_29' title='bbox 2418 964 2618 1028; x_wconf 91' lang='lat' dir='ltr'>quam</span> <span class='ocrx_word' id='word_1_30' title='bbox 2662 969 2699 1003; x_wconf 65' lang='lat' dir='ltr'>c</span> <span class='ocrx_word' id='word_1_31' title='bbox 2732 945 2940 1010; x_wconf 89' lang='lat' dir='ltr'>oratio</span> <span class='ocrx_word' id='word_1_32' title='bbox 2968 946 3036 1012; x_wconf 91' lang='lat' dir='ltr'>in</span> 
     </span>
     <span class='ocr_line' id='line_1_5' title="bbox 593 1046 3036 1138; baseline 0.001 -24"><span class='ocrx_word' id='word_1_33' title='bbox 593 1078 630 1114; x_wconf 60' lang='grc' dir='ltr'><strong><em>ι</em></strong></span> <span class='ocrx_word' id='word_1_34' title='bbox 664 1051 1022 1138; x_wconf 88' lang='lat' dir='ltr'>Gymnasio</span> <span class='ocrx_word' id='word_1_35' title='bbox 1043 1047 1550 1135; x_wconf 82' lang='lat' dir='ltr'>Ingolstadiensi</span> <span class='ocrx_word' id='word_1_36' title='bbox 1567 1047 1834 1133; x_wconf 90' lang='lat' dir='ltr'>publice</span> <span class='ocrx_word' id='word_1_37' title='bbox 1848 1050 2129 1114; x_wconf 85' lang='lat' dir='ltr'>recitata</span> <span class='ocrx_word' id='word_1_38' title='bbox 2144 1046 2261 1136; x_wconf 75' lang='lat'>(2).</span> <span class='ocrx_word' id='word_1_39' title='bbox 2292 1075 2327 1109; x_wconf 82' lang='lat'><strong>›</strong></span> <span class='ocrx_word' id='word_1_40' title='bbox 2362 1049 2743 1116; x_wconf 79' lang='lat' dir='ltr'>Academiae</span> <span class='ocrx_word' id='word_1_41' title='bbox 2751 1051 3036 1137; x_wconf 86' lang='lat' dir='ltr'>juvenes</span> 
     </span>
     <span class='ocr_line' id='line_1_6' title="bbox 589 1153 3037 1244; baseline -0.001 -20"><span class='ocrx_word' id='word_1_42' title='bbox 589 1159 948 1243; x_wconf 84' lang='lat' dir='ltr'>alloquitur</span> <span class='ocrx_word' id='word_1_43' title='bbox 993 1153 1110 1244; x_wconf 87' lang='lat'><strong>(3).</strong></span> <span class='ocrx_word' id='word_1_44' title='bbox 1157 1180 1194 1214; x_wconf 65' lang='lat' dir='ltr'><strong>t</strong></span> <span class='ocrx_word' id='word_1_45' title='bbox 1233 1153 1406 1228; x_wconf 82' lang='lat' dir='ltr'>Quid</span> <span class='ocrx_word' id='word_1_46' title='bbox 1441 1155 1643 1231; x_wconf 88' lang='lat' dir='ltr'>enim,</span> <span class='ocrx_word' id='word_1_47' title='bbox 1687 1156 1809 1239; x_wconf 81' lang='lat' dir='ltr'>pe&#39;r</span> <span class='ocrx_word' id='word_1_48' title='bbox 1857 1155 2261 1221; x_wconf 86' lang='lat' dir='ltr'>immortales</span> <span class='ocrx_word' id='word_1_49' title='bbox 2300 1156 2493 1235; x_wconf 73' lang='lat' dir='ltr'>Deos,</span> <span class='ocrx_word' id='word_1_50' title='bbox 2516 1157 2802 1242; x_wconf 72' lang='lat' dir='ltr'>‘prodest</span> <span class='ocrx_word' id='word_1_51' title='bbox 2827 1157 3037 1224; x_wconf 88' lang='lat' dir='ltr'>multa</span> 
     </span>
     <span class='ocr_line' id='line_1_7' title="bbox 591 1257 3032 1350; baseline 0.002 -26"><span class='ocrx_word' id='word_1_52' title='bbox 591 1291 628 1324; x_wconf 79' lang='lat'>‹</span> <span class='ocrx_word' id='word_1_53' title='bbox 667 1266 859 1342; x_wconf 89' lang='lat' dir='ltr'>scire,</span> <span class='ocrx_word' id='word_1_54' title='bbox 890 1263 1175 1349; x_wconf 87' lang='lat' dir='ltr'>pulchra</span> <span class='ocrx_word' id='word_1_55' title='bbox 1207 1270 1270 1326; x_wconf 90' lang='lat' dir='ltr'>et</span> <span class='ocrx_word' id='word_1_56' title='bbox 1295 1257 1606 1330; x_wconf 83' lang='lat' dir='ltr'>sublimia</span> <span class='ocrx_word' id='word_1_57' title='bbox 1635 1259 2038 1346; x_wconf 86' lang='lat' dir='ltr'>intelligere,</span> <span class='ocrx_word' id='word_1_58' title='bbox 2080 1262 2137 1326; x_wconf 89' lang='lat' dir='ltr'>si</span> <span class='ocrx_word' id='word_1_59' title='bbox 2173 1261 2255 1326; x_wconf 87' lang='lat' dir='ltr'>de</span> <span class='ocrx_word' id='word_1_60' title='bbox 2292 1263 2395 1328; x_wconf 89' lang='lat' dir='ltr'>his</span> <span class='ocrx_word' id='word_1_61' title='bbox 2418 1263 2602 1348; x_wconf 89' lang='lat' dir='ltr'>loqui</span> <span class='ocrx_word' id='word_1_62' title='bbox 2630 1285 2783 1330; x_wconf 88' lang='lat' dir='ltr'>cum</span> <span class='ocrx_word' id='word_1_63' title='bbox 2814 1264 3032 1350; x_wconf 87' lang='lat' dir='ltr'>digni-</span> 
     </span>
     <span class='ocr_line' id='line_1_8' title="bbox 591 1367 3035 1454; baseline 0.002 -23"><span class='ocrx_word' id='word_1_64' title='bbox 591 1396 630 1431; x_wconf 69' lang='lat'><strong>«</strong></span> <span class='ocrx_word' id='word_1_65' title='bbox 663 1379 791 1436; x_wconf 89' lang='lat' dir='ltr'>tate</span> <span class='ocrx_word' id='word_1_66' title='bbox 821 1379 887 1434; x_wconf 88' lang='lat' dir='ltr'>et</span> <span class='ocrx_word' id='word_1_67' title='bbox 931 1368 1311 1453; x_wconf 70' lang='lat' dir='ltr'>eloquentia</span> <span class='ocrx_word' id='word_1_68' title='bbox 1354 1377 1667 1454; x_wconf 84' lang='lat' dir='ltr'>negatum</span> <span class='ocrx_word' id='word_1_69' title='bbox 1711 1376 1829 1444; x_wconf 86' lang='lat' dir='ltr'>est,</span> <span class='ocrx_word' id='word_1_70' title='bbox 1884 1376 1951 1432; x_wconf 90' lang='lat' dir='ltr'>et</span> <span class='ocrx_word' id='word_1_71' title='bbox 1980 1367 2153 1452; x_wconf 91' lang='lat' dir='ltr'>quod</span> <span class='ocrx_word' id='word_1_72' title='bbox 2185 1370 2505 1453; x_wconf 88' lang='lat' dir='ltr'>uniquum</span> <span class='ocrx_word' id='word_1_73' title='bbox 2534 1369 2869 1437; x_wconf 78' lang='lat' dir='ltr'>felicitatis</span> <span class='ocrx_word' id='word_1_74' title='bbox 2903 1371 3035 1438; x_wconf 86' lang='lat' dir='ltr'>hu·-</span> 
     </span>
     <span class='ocr_line' id='line_1_9' title="bbox 592 1459 3032 1561; baseline 0.002 -25"><span class='ocrx_word' id='word_1_75' title='bbox 592 1503 628 1536; x_wconf 83' lang='lat'>‹</span> <span class='ocrx_word' id='word_1_76' title='bbox 665 1496 877 1544; x_wconf 81' lang='lat' dir='ltr'>manae</span> <span class='ocrx_word' id='word_1_77' title='bbox 902 1483 1362 1542; x_wconf 85' lang='lat' dir='ltr'>ornamentum</span> <span class='ocrx_word' id='word_1_78' title='bbox 1397 1483 1517 1551; x_wconf 85' lang='lat' dir='ltr'>est,</span> <span class='ocrx_word' id='word_1_79' title='bbox 1573 1474 2003 1560; x_wconf 76' lang='lat' dir='ltr'>cogitationes</span> <span class='ocrx_word' id='word_1_80' title='bbox 2028 1459 2677 1561; x_wconf 68' lang='lat' dir='ltr'>nostras&#39;posteritati</span> <span class='ocrx_word' id='word_1_81' title='bbox 2714 1477 3032 1542; x_wconf 88' lang='lat' dir='ltr'>mandare</span> 
     </span>
     <span class='ocr_line' id='line_1_10' title="bbox 590 1579 3028 1676; baseline 0.002 -32"><span class='ocrx_word' id='word_1_82' title='bbox 590 1609 628 1644; x_wconf 65' lang='grc' dir='ltr'><em>α</em></span> <span class='ocrx_word' id='word_1_83' title='bbox 663 1583 1083 1668; x_wconf 81' lang='lat' dir='ltr'>nequiverint</span> <span class='ocrx_word' id='word_1_84' title='bbox 1112 1579 1228 1670; x_wconf 87' lang='grc'>(4).</span> <span class='ocrx_word' id='word_1_85' title='bbox 1257 1606 1294 1642; x_wconf 79' lang='lat'><strong>»</strong></span> <span class='ocrx_word' id='word_1_86' title='bbox 1327 1581 1412 1649; x_wconf 81' lang='lat' dir='ltr'>Et</span> <span class='ocrx_word' id='word_1_87' title='bbox 1467 1582 1536 1645; x_wconf 89' lang='lat' dir='ltr'>in</span> <span class='ocrx_word' id='word_1_88' title='bbox 1573 1580 1703 1648; x_wconf 89' lang='lat' dir='ltr'>alio</span> <span class='ocrx_word' id='word_1_89' title='bbox 1745 1579 1899 1646; x_wconf 81' lang='lat' dir='ltr'>loco</span> <span class='ocrx_word' id='word_1_90' title='bbox 1928 1583 1945 1646; x_wconf 77' lang='lat' dir='ltr'>&#39;z</span> <span class='ocrx_word' id='word_1_91' title='bbox 2014 1606 2050 1639; x_wconf 84' lang='lat'>‹</span> <span class='ocrx_word' id='word_1_92' title='bbox 2082 1580 2454 1648; x_wconf 85' lang='lat' dir='ltr'>Convertite</span> <span class='ocrx_word' id='word_1_93' title='bbox 2497 1603 2639 1661; x_wconf 72' lang='lat' dir='ltr'>voe,</span> <span class='ocrx_word' id='word_1_94' title='bbox 2691 1583 3028 1676; x_wconf 86' lang='lat' dir='ltr'>Germani,</span> 
     </span>
     <span class='ocr_line' id='line_1_11' title="bbox 594 1686 3035 1776; baseline 0.002 -27"><span class='ocrx_word' id='word_1_95' title='bbox 594 1715 628 1749; x_wconf 82' lang='grc'><strong>«</strong></span> <span class='ocrx_word' id='word_1_96' title='bbox 670 1689 1034 1761; x_wconf 75' lang='lat' dir='ltr'>convertite</span> <span class='ocrx_word' id='word_1_97' title='bbox 1081 1708 1202 1754; x_wconf 81' lang='lat' dir='ltr'>vos</span> <span class='ocrx_word' id='word_1_98' title='bbox 1247 1686 1332 1754; x_wconf 87' lang='lat' dir='ltr'>ad</span> <span class='ocrx_word' id='word_1_99' title='bbox 1377 1687 1640 1754; x_wconf 88' lang='lat' dir='ltr'>mitiora</span> <span class='ocrx_word' id='word_1_100' title='bbox 1682 1686 1932 1765; x_wconf 83' lang='lat' dir='ltr'>studia,</span> <span class='ocrx_word' id='word_1_101' title='bbox 1981 1707 2125 1772; x_wconf 86' lang='lat' dir='ltr'>quae</span> <span class='ocrx_word' id='word_1_102' title='bbox 2172 1688 2317 1756; x_wconf 85' lang='lat' dir='ltr'>sola</span> <span class='ocrx_word' id='word_1_103' title='bbox 2357 1709 2475 1758; x_wconf 81' lang='lat' dir='ltr'>vos</span> <span class='ocrx_word' id='word_1_104' title='bbox 2512 1690 2930 1776; x_wconf 88' lang='lat' dir='ltr'>philosophia</span> <span class='ocrx_word' id='word_1_105' title='bbox 2970 1699 3035 1756; x_wconf 91' lang='lat' dir='ltr'>et</span> 
     </span>
     <span class='ocr_line' id='line_1_12' title="bbox 583 1789 3032 1887; baseline 0.002 -31"><span class='ocrx_word' id='word_1_106' title='bbox 583 1795 1044 1880; x_wconf 59' lang='lat' dir='ltr'>&lt;eloquentia</span> <span class='ocrx_word' id='word_1_107' title='bbox 1079 1793 1321 1863; x_wconf 86' lang='lat' dir='ltr'>docere</span> <span class='ocrx_word' id='word_1_108' title='bbox 1357 1801 1566 1880; x_wconf 85' lang='lat' dir='ltr'>potest</span> <span class='ocrx_word' id='word_1_109' title='bbox 1609 1789 1724 1879; x_wconf 84' lang='lat'>(5).</span> <span class='ocrx_word' id='word_1_110' title='bbox 1757 1818 1795 1854; x_wconf 56' lang='grc' dir='ltr'><strong><em>ι</em></strong></span> <span class='ocrx_word' id='word_1_111' title='bbox 1836 1793 1988 1860; x_wconf 91' lang='lat' dir='ltr'>Non</span> <span class='ocrx_word' id='word_1_112' title='bbox 2022 1803 2155 1858; x_wconf 86' lang='lat' dir='ltr'>tam</span> <span class='ocrx_word' id='word_1_113' title='bbox 2188 1815 2347 1881; x_wconf 83' lang='lat' dir='ltr'>ergo</span> <span class='ocrx_word' id='word_1_114' title='bbox 2377 1795 2805 1887; x_wconf 85' lang='lat' dir='ltr'>eruditissimi</span> <span class='ocrx_word' id='word_1_115' title='bbox 2837 1815 3032 1880; x_wconf 86' lang='lat' dir='ltr'>quam</span> 
     </span>
     <span class='ocr_line' id='line_1_13' title="bbox 563 1899 3031 1994; baseline 0.001 -27"><span class='ocrx_word' id='word_1_116' title='bbox 563 1902 828 1982; x_wconf 22' lang='lat' dir='ltr'>-llitteris</span> <span class='ocrx_word' id='word_1_117' title='bbox 851 1901 1266 1994; x_wconf 16' lang='lat' dir='ltr'>‘ornatissimi</span> <span class='ocrx_word' id='word_1_118' title='bbox 1309 1900 1559 1986; x_wconf 82' lang='lat' dir='ltr'>ingenii</span> <span class='ocrx_word' id='word_1_119' title='bbox 1605 1900 1985 1985; x_wconf 85' lang='lat' dir='ltr'>exemplum</span> <span class='ocrx_word' id='word_1_120' title='bbox 2029 1899 2279 1986; x_wconf 85' lang='lat' dir='ltr'>praebet</span> <span class='ocrx_word' id='word_1_121' title='bbox 2314 1901 2398 1968; x_wconf 88' lang='lat' dir='ltr'>ad</span> <span class='ocrx_word' id='word_1_122' title='bbox 2442 1900 2862 1981; x_wconf 87' lang='lat' dir='ltr'>imitandum,</span> <span class='ocrx_word' id='word_1_123' title='bbox 2906 1922 3031 1970; x_wconf 90' lang='lat' dir='ltr'>nec</span> 
     </span>
     <span class='ocr_line' id='line_1_14' title="bbox 589 2005 3033 2093; baseline -0.001 -19"><span class='ocrx_word' id='word_1_124' title='bbox 589 2008 958 2081; x_wconf 80' lang='lat' dir='ltr'>Facultatis</span> <span class='ocrx_word' id='word_1_125' title='bbox 979 2007 1302 2082; x_wconf 76' lang='lat' dir='ltr'>Artisticae</span> <span class='ocrx_word' id='word_1_126' title='bbox 1334 2005 1527 2077; x_wconf 84' lang='lat' dir='ltr'>modo</span> <span class='ocrx_word' id='word_1_127' title='bbox 1553 2005 1875 2073; x_wconf 87' lang='lat' dir='ltr'>studiosos</span> <span class='ocrx_word' id='word_1_128' title='bbox 1904 2006 2288 2090; x_wconf 83' lang='lat' dir='ltr'>alloquitur,</span> <span class='ocrx_word' id='word_1_129' title='bbox 2320 2007 2436 2075; x_wconf 87' lang='lat' dir='ltr'>sed</span> <span class='ocrx_word' id='word_1_130' title='bbox 2466 2009 2550 2076; x_wconf 88' lang='lat' dir='ltr'>ad</span> <span class='ocrx_word' id='word_1_131' title='bbox 2578 2029 2648 2074; x_wconf 88' lang='lat' dir='ltr'>se</span> <span class='ocrx_word' id='word_1_132' title='bbox 2680 2029 2716 2072; x_wconf 94' lang='lat' dir='ltr'>e</span> <span class='ocrx_word' id='word_1_133' title='bbox 2755 2019 3033 2093; x_wconf 87' lang='lat' dir='ltr'>quatuor</span> 
     </span>
     <span class='ocr_line' id='line_1_15' title="bbox 591 2113 3032 2208; baseline 0.001 -28"><span class='ocrx_word' id='word_1_134' title='bbox 591 2113 1046 2188; x_wconf 81' lang='lat' dir='ltr'>Facultatibus</span> <span class='ocrx_word' id='word_1_135' title='bbox 1095 2113 1426 2181; x_wconf 80' lang='lat' dir='ltr'>auditores</span> <span class='ocrx_word' id='word_1_136' title='bbox 1477 2113 1731 2208; x_wconf 82' lang='lat' dir='ltr'>invitat,</span> <span class='ocrx_word' id='word_1_137' title='bbox 1791 2133 1994 2196; x_wconf 91' lang='lat' dir='ltr'>quum</span> <span class='ocrx_word' id='word_1_138' title='bbox 2048 2113 2343 2181; x_wconf 81' lang='lat' dir='ltr'>declaret</span> <span class='ocrx_word' id='word_1_139' title='bbox 2385 2116 2499 2182; x_wconf 82' lang='lat' dir='ltr'>vel</span> <span class='ocrx_word' id='word_1_140' title='bbox 2541 2116 3032 2203; x_wconf 86' lang='lat' dir='ltr'>jurisconsultis</span> 
     </span>
     <span class='ocr_line' id='line_1_16' title="bbox 589 2205 3027 2307; baseline -0.002 -17"><span class='ocrx_word' id='word_1_141' title='bbox 589 2221 1078 2307; x_wconf 75' lang='lat' dir='ltr'>philosophiam</span> <span class='ocrx_word' id='word_1_142' title='bbox 1103 2221 1674 2304; x_wconf 79' lang='lat' dir='ltr'>eloquentiamque</span> <span class='ocrx_word' id='word_1_143' title='bbox 1699 2220 2142 2286; x_wconf 86' lang='lat' dir='ltr'>necessariam</span> <span class='ocrx_word' id='word_1_144' title='bbox 2160 2223 2427 2288; x_wconf 87' lang='lat' dir='ltr'>omnino</span> <span class='ocrx_word' id='word_1_145' title='bbox 2450 2241 2616 2300; x_wconf 86' lang='lat' dir='ltr'>esse,</span> <span class='ocrx_word' id='word_1_146' title='bbox 2646 2241 2773 2288; x_wconf 90' lang='lat' dir='ltr'>nec</span> <span class='ocrx_word' id='word_1_147' title='bbox 2798 2205 3027 2306; x_wconf 83' lang='lat' dir='ltr'>quem-</span> 
     </span>
     <span class='ocr_line' id='line_1_17' title="bbox 589 2325 3027 2412; baseline -0.001 -17"><span class='ocrx_word' id='word_1_148' title='bbox 589 2347 785 2412; x_wconf 79' lang='lat' dir='ltr'>quam</span> <span class='ocrx_word' id='word_1_149' title='bbox 831 2328 900 2394; x_wconf 90' lang='lat' dir='ltr'>in</span> <span class='ocrx_word' id='word_1_150' title='bbox 933 2328 1168 2411; x_wconf 83' lang='lat' dir='ltr'>quovis</span> <span class='ocrx_word' id='word_1_151' title='bbox 1201 2325 1414 2398; x_wconf 82' lang='lat' dir='ltr'>studio</span> <span class='ocrx_word' id='word_1_152' title='bbox 1451 2325 1870 2411; x_wconf 84' lang='lat' dir='ltr'>profuturum</span> <span class='ocrx_word' id='word_1_153' title='bbox 1905 2345 2074 2404; x_wconf 87' lang='lat' dir='ltr'>esse,</span> <span class='ocrx_word' id='word_1_154' title='bbox 2110 2327 2235 2392; x_wconf 88' lang='lat' dir='ltr'>nisi</span> <span class='ocrx_word' id='word_1_155' title='bbox 2272 2328 2737 2400; x_wconf 78' lang='lat' dir='ltr'>humaniorum</span> <span class='ocrx_word' id='word_1_156' title='bbox 2770 2329 3027 2394; x_wconf 84' lang='lat' dir='ltr'>littera-</span> 
     </span>
     <span class='ocr_line' id='line_1_18' title="bbox 589 2432 3027 2518; baseline 0 -20"><span class='ocrx_word' id='word_1_157' title='bbox 589 2453 739 2501; x_wconf 83' lang='lat' dir='ltr'>rum</span> <span class='ocrx_word' id='word_1_158' title='bbox 765 2435 968 2518; x_wconf 80' lang='lat' dir='ltr'>longo</span> <span class='ocrx_word' id='word_1_159' title='bbox 985 2454 1111 2502; x_wconf 84' lang='lat' dir='ltr'>usu</span> <span class='ocrx_word' id='word_1_160' title='bbox 1124 2433 1327 2501; x_wconf 79' lang='lat' dir='ltr'>fuerit</span> <span class='ocrx_word' id='word_1_161' title='bbox 1345 2433 1766 2499; x_wconf 81' lang='lat' dir='ltr'>exercitatus.</span> <span class='ocrx_word' id='word_1_162' title='bbox 1794 2432 1943 2498; x_wconf 88' lang='lat' dir='ltr'>Nec</span> <span class='ocrx_word' id='word_1_163' title='bbox 1957 2433 2175 2500; x_wconf 83' lang='lat' dir='ltr'>minus</span> <span class='ocrx_word' id='word_1_164' title='bbox 2196 2435 2519 2502; x_wconf 82' lang='lat' dir='ltr'>musicam</span> <span class='ocrx_word' id='word_1_165' title='bbox 2548 2434 2749 2500; x_wconf 84' lang='lat' dir='ltr'>Celtis</span> <span class='ocrx_word' id='word_1_166' title='bbox 2774 2434 3027 2511; x_wconf 81' lang='lat' dir='ltr'>laudat,</span> 
     </span>
     <span class='ocr_line' id='line_1_19' title="bbox 593 2537 3075 2628; baseline 0.001 -22"><span class='ocrx_word' id='word_1_167' title='bbox 593 2549 658 2606; x_wconf 85' lang='lat' dir='ltr'>et</span> <span class='ocrx_word' id='word_1_168' title='bbox 714 2539 800 2608; x_wconf 85' lang='lat' dir='ltr'>ad</span> <span class='ocrx_word' id='word_1_169' title='bbox 849 2540 1098 2628; x_wconf 79' lang='lat' dir='ltr'>linguae</span> <span class='ocrx_word' id='word_1_170' title='bbox 1152 2538 1405 2608; x_wconf 78' lang='lat' dir='ltr'>Graecae·</span> <span class='ocrx_word' id='word_1_171' title='bbox 1451 2537 1761 2616; x_wconf 81' lang='lat' dir='ltr'>studium,</span> <span class='ocrx_word' id='word_1_172' title='bbox 1812 2540 2000 2626; x_wconf 82' lang='lat' dir='ltr'>cujus</span> <span class='ocrx_word' id='word_1_173' title='bbox 2041 2540 2181 2624; x_wconf 87' lang='lat' dir='ltr'>ipse</span> <span class='ocrx_word' id='word_1_174' title='bbox 2220 2560 2462 2625; x_wconf 75' lang='lat' dir='ltr'>expers</span> <span class='ocrx_word' id='word_1_175' title='bbox 2490 2541 2693 2608; x_wconf 83' lang='lat' dir='ltr'>fuisse</span> <span class='ocrx_word' id='word_1_176' title='bbox 2741 2539 3026 2617; x_wconf 85' lang='lat' dir='ltr'>videtur,</span> <span class='ocrx_word' id='word_1_177' title='bbox 3070 2593 3075 2608; x_wconf 93' lang='lat'>.</span> 
     </span>
     <span class='ocr_line' id='line_1_20' title="bbox 591 2637 3029 2740; baseline -0.001 -26"><span class='ocrx_word' id='word_1_178' title='bbox 591 2648 904 2716; x_wconf 76' lang='lat' dir='ltr'>concives</span> <span class='ocrx_word' id='word_1_179' title='bbox 933 2657 1088 2712; x_wconf 84' lang='lat' dir='ltr'>suos</span> <span class='ocrx_word' id='word_1_180' title='bbox 1117 2645 1526 2740; x_wconf 82' lang='lat' dir='ltr'>adhortatur.</span> <span class='ocrx_word' id='word_1_181' title='bbox 1562 2644 1630 2710; x_wconf 83' lang='lat' dir='ltr'>Si</span> <span class='ocrx_word' id='word_1_182' title='bbox 1671 2646 1819 2729; x_wconf 89' lang='lat' dir='ltr'>quis</span> <span class='ocrx_word' id='word_1_183' title='bbox 1842 2665 1968 2730; x_wconf 90' lang='lat' dir='ltr'>quo</span> <span class='ocrx_word' id='word_1_184' title='bbox 1998 2645 2199 2714; x_wconf 87' lang='lat' dir='ltr'>Celtis</span> <span class='ocrx_word' id='word_1_185' title='bbox 2229 2647 2423 2715; x_wconf 88' lang='lat' dir='ltr'>modo</span> <span class='ocrx_word' id='word_1_186' title='bbox 2464 2647 2836 2715; x_wconf 81' lang='lat' dir='ltr'>auditorum</span> <span class='ocrx_word' id='word_1_187' title='bbox 2874 2637 3029 2712; x_wconf 87' lang='lat' dir='ltr'>suo-</span> 
     </span>
     <span class='ocr_line' id='line_1_21' title="bbox 590 2751 3031 2841; baseline -0.002 -20"><span class='ocrx_word' id='word_1_188' title='bbox 590 2774 740 2821; x_wconf 91' lang='lat' dir='ltr'>rum</span> <span class='ocrx_word' id='word_1_189' title='bbox 765 2753 1035 2840; x_wconf 78' lang='lat' dir='ltr'>ingenia</span> <span class='ocrx_word' id='word_1_190' title='bbox 1055 2751 1512 2823; x_wconf 80' lang='lat' dir='ltr'>informaverit</span> <span class='ocrx_word' id='word_1_191' title='bbox 1532 2752 1909 2838; x_wconf 79' lang='lat' dir='ltr'>perspicere</span> <span class='ocrx_word' id='word_1_192' title='bbox 1926 2753 2111 2831; x_wconf 84' lang='lat' dir='ltr'>velit,</span> <span class='ocrx_word' id='word_1_193' title='bbox 2132 2772 2403 2821; x_wconf 86' lang='lat' dir='ltr'>necesse</span> <span class='ocrx_word' id='word_1_194' title='bbox 2429 2763 2526 2823; x_wconf 86' lang='lat' dir='ltr'>est</span> <span class='ocrx_word' id='word_1_195' title='bbox 2542 2754 3031 2841; x_wconf 81' lang='lat' dir='ltr'>Panegyricum</span> 
     </span>
     <span class='ocr_line' id='line_1_22' title="bbox 593 2861 2347 2947; baseline -0.002 -18"><span class='ocrx_word' id='word_1_196' title='bbox 593 2869 838 2931; x_wconf 83' lang='lat' dir='ltr'>attente</span> <span class='ocrx_word' id='word_1_197' title='bbox 853 2861 1062 2947; x_wconf 81' lang='lat' dir='ltr'>legat.</span> <span class='ocrx_word' id='word_1_198' title='bbox 2340 2918 2347 2925; x_wconf 90' lang='lat'>.</span> 
     </span>
    </p>

    <p class='ocr_par' dir='ltr' id='par_1_3' title="bbox 591 2963 3035 3905">
     <span class='ocr_line' id='line_1_23' title="bbox 682 2963 3026 3061; baseline -0.002 -25"><span class='ocrx_word' id='word_1_199' title='bbox 682 2966 760 3036; x_wconf 89' lang='lat' dir='ltr'>Id</span> <span class='ocrx_word' id='word_1_200' title='bbox 783 2976 1026 3061; x_wconf 73' lang='lat' dir='ltr'>tamen,</span> <span class='ocrx_word' id='word_1_201' title='bbox 1055 2986 1184 3051; x_wconf 92' lang='lat' dir='ltr'>quo</span> <span class='ocrx_word' id='word_1_202' title='bbox 1207 2964 1405 3035; x_wconf 82' lang='lat' dir='ltr'>Celtis</span> <span class='ocrx_word' id='word_1_203' title='bbox 1429 2963 1778 3053; x_wconf 80' lang='lat' dir='ltr'>flagrabat,</span> <span class='ocrx_word' id='word_1_204' title='bbox 1808 2966 2271 3033; x_wconf 85' lang='lat' dir='ltr'>humaniorum</span> <span class='ocrx_word' id='word_1_205' title='bbox 2308 2968 2679 3037; x_wconf 84' lang='lat' dir='ltr'>litterarum</span> <span class='ocrx_word' id='word_1_206' title='bbox 2714 2966 3026 3046; x_wconf 90' lang='lat' dir='ltr'>studium,</span> 
     </span>
     <span class='ocr_line' id='line_1_24' title="bbox 593 3071 3032 3160; baseline -0.001 -19"><span class='ocrx_word' id='word_1_207' title='bbox 593 3074 934 3160; x_wconf 79' lang='lat' dir='ltr'>proprium</span> <span class='ocrx_word' id='word_1_208' title='bbox 959 3072 1290 3157; x_wconf 76' lang='lat' dir='ltr'>quoddam</span> <span class='ocrx_word' id='word_1_209' title='bbox 1315 3071 1568 3141; x_wconf 83' lang='lat' dir='ltr'>habuit.</span> <span class='ocrx_word' id='word_1_210' title='bbox 1603 3073 1798 3140; x_wconf 87' lang='lat' dir='ltr'>Illius</span> <span class='ocrx_word' id='word_1_211' title='bbox 1830 3073 2005 3139; x_wconf 89' lang='lat' dir='ltr'>enim</span> <span class='ocrx_word' id='word_1_212' title='bbox 2034 3075 2253 3144; x_wconf 86' lang='lat' dir='ltr'>animo</span> <span class='ocrx_word' id='word_1_213' title='bbox 2276 3094 2540 3160; x_wconf 88' lang='lat' dir='ltr'>semper</span> <span class='ocrx_word' id='word_1_214' title='bbox 2565 3075 2793 3159; x_wconf 78' lang='lat' dir='ltr'>patriae</span> <span class='ocrx_word' id='word_1_215' title='bbox 2812 3073 3032 3159; x_wconf 85' lang='lat' dir='ltr'>imago</span> 
     </span>
     <span class='ocr_line' id='line_1_25' title="bbox 591 3170 3033 3274; baseline 0 -27"><span class='ocrx_word' id='word_1_216' title='bbox 591 3180 1102 3266; x_wconf 82' lang='lat' dir='ltr'>proponebatur,</span> <span class='ocrx_word' id='word_1_217' title='bbox 1129 3179 1578 3272; x_wconf 85' lang='lat' dir='ltr'>singularique</span> <span class='ocrx_word' id='word_1_218' title='bbox 1597 3181 1668 3245; x_wconf 88' lang='lat' dir='ltr'>in</span> <span class='ocrx_word' id='word_1_219' title='bbox 1694 3178 2119 3247; x_wconf 88' lang='lat' dir='ltr'>Germaniam</span> <span class='ocrx_word' id='word_1_220' title='bbox 2138 3181 2379 3265; x_wconf 86' lang='lat' dir='ltr'>pietate</span> <span class='ocrx_word' id='word_1_221' title='bbox 2406 3170 2797 3274; x_wconf 74' lang='lat' dir='ltr'>clarus&#39;fuit.</span> <span class='ocrx_word' id='word_1_222' title='bbox 2819 3180 3033 3255; x_wconf 82' lang='lat' dir='ltr'>Quum</span> 
     </span>
     <span class='ocr_line' id='line_1_26' title="bbox 593 3282 3035 3377; baseline 0 -26"><span class='ocrx_word' id='word_1_223' title='bbox 593 3288 766 3353; x_wconf 88' lang='lat' dir='ltr'>enim</span> <span class='ocrx_word' id='word_1_224' title='bbox 797 3286 882 3351; x_wconf 91' lang='lat' dir='ltr'>ad</span> <span class='ocrx_word' id='word_1_225' title='bbox 901 3286 1239 3356; x_wconf 79' lang='lat' dir='ltr'>historiam</span> <span class='ocrx_word' id='word_1_226' title='bbox 1261 3285 1698 3358; x_wconf 83' lang='lat' dir='ltr'>excolendam</span> <span class='ocrx_word' id='word_1_227' title='bbox 1721 3285 2279 3373; x_wconf 85' lang='lat' dir='ltr'>Ingolstadienses</span> <span class='ocrx_word' id='word_1_228' title='bbox 2302 3285 2626 3353; x_wconf 88' lang='lat' dir='ltr'>studiosos</span> <span class='ocrx_word' id='word_1_229' title='bbox 2656 3288 2907 3377; x_wconf 85' lang='lat' dir='ltr'>incitat,</span> <span class='ocrx_word' id='word_1_230' title='bbox 2932 3282 3035 3353; x_wconf 87' lang='lat' dir='ltr'>his</span> 
     </span>
     <span class='ocr_line' id='line_1_27' title="bbox 592 3391 3031 3485; baseline 0.001 -28"><span class='ocrx_word' id='word_1_231' title='bbox 592 3392 814 3485; x_wconf 87' lang='lat' dir='ltr'>verbis</span> <span class='ocrx_word' id='word_1_232' title='bbox 840 3393 1088 3462; x_wconf 86' lang='lat' dir='ltr'>utitur:</span> <span class='ocrx_word' id='word_1_233' title='bbox 1133 3418 1169 3451; x_wconf 64' lang='grc' dir='ltr'><strong>α</strong></span> <span class='ocrx_word' id='word_1_234' title='bbox 1205 3410 1445 3478; x_wconf 83' lang='lat' dir='ltr'>magno</span> <span class='ocrx_word' id='word_1_235' title='bbox 1489 3392 1678 3458; x_wconf 85' lang='lat' dir='ltr'>vobis</span> <span class='ocrx_word' id='word_1_236' title='bbox 1713 3392 1933 3458; x_wconf 87' lang='lat' dir='ltr'>ducite</span> <span class='ocrx_word' id='word_1_237' title='bbox 1966 3392 2203 3478; x_wconf 89' lang='lat' dir='ltr'>pudori</span> <span class='ocrx_word' id='word_1_238' title='bbox 2232 3391 2614 3459; x_wconf 77' lang='lat' dir='ltr'>Graecorum</span> <span class='ocrx_word' id='word_1_239' title='bbox 2654 3403 2719 3459; x_wconf 89' lang='lat' dir='ltr'>et</span> <span class='ocrx_word' id='word_1_240' title='bbox 2758 3393 3031 3459; x_wconf 86' lang='lat' dir='ltr'>Latino-</span> 
     </span>
     <span class='ocr_line' id='line_1_28' title="bbox 597 3497 3033 3587; baseline 0.002 -28"><span class='ocrx_word' id='word_1_241' title='bbox 597 3524 636 3559; x_wconf 77' lang='lat'><strong>‹</strong></span> <span class='ocrx_word' id='word_1_242' title='bbox 667 3519 816 3566; x_wconf 85' lang='lat' dir='ltr'>rum</span> <span class='ocrx_word' id='word_1_243' title='bbox 835 3500 1093 3568; x_wconf 78' lang='lat' dir='ltr'>nescire</span> <span class='ocrx_word' id='word_1_244' title='bbox 1118 3499 1443 3576; x_wconf 81' lang='lat' dir='ltr'>historiaS‚</span> <span class='ocrx_word' id='word_1_245' title='bbox 1468 3523 1503 3558; x_wconf 74' lang='lat'>&gt;</span> <span class='ocrx_word' id='word_1_246' title='bbox 1525 3518 2017 3587; x_wconf 83' lang='lat' dir='ltr'>properansque</span> <span class='ocrx_word' id='word_1_247' title='bbox 2042 3518 2127 3565; x_wconf 89' lang='lat' dir='ltr'>ea</span> <span class='ocrx_word' id='word_1_248' title='bbox 2152 3497 2441 3566; x_wconf 86' lang='lat' dir='ltr'>addidit:</span> <span class='ocrx_word' id='word_1_249' title='bbox 2476 3525 2511 3560; x_wconf 85' lang='lat'><strong>‹</strong></span> <span class='ocrx_word' id='word_1_250' title='bbox 2546 3520 2749 3585; x_wconf 86' lang='lat' dir='ltr'>super</span> <span class='ocrx_word' id='word_1_251' title='bbox 2772 3518 3033 3567; x_wconf 88' lang='lat' dir='ltr'>omnem</span> 
     </span>
     <span class='ocr_line' id='line_1_29' title="bbox 597 3603 3031 3690; baseline 0.002 -25"><span class='ocrx_word' id='word_1_252' title='bbox 597 3630 632 3665; x_wconf 77' lang='grc'><strong>«</strong></span> <span class='ocrx_word' id='word_1_253' title='bbox 671 3604 1139 3690; x_wconf 85' lang='lat' dir='ltr'>impudentiam</span> <span class='ocrx_word' id='word_1_254' title='bbox 1167 3605 1458 3690; x_wconf 85' lang='lat' dir='ltr'>regionis</span> <span class='ocrx_word' id='word_1_255' title='bbox 1484 3615 1721 3671; x_wconf 84' lang='lat' dir='ltr'>nostrae</span> <span class='ocrx_word' id='word_1_256' title='bbox 1745 3614 1813 3671; x_wconf 89' lang='lat' dir='ltr'>et</span> <span class='ocrx_word' id='word_1_257' title='bbox 1848 3613 2041 3671; x_wconf 77' lang='lat' dir='ltr'>terrae</span> <span class='ocrx_word' id='word_1_258' title='bbox 2066 3606 2325 3673; x_wconf 88' lang='lat' dir='ltr'>nescire</span> <span class='ocrx_word' id='word_1_259' title='bbox 2364 3606 2582 3685; x_wconf 85' lang='lat' dir='ltr'>situm,</span> <span class='ocrx_word' id='word_1_260' title='bbox 2622 3606 2863 3685; x_wconf 90' lang='lat' dir='ltr'>sidera,</span> <span class='ocrx_word' id='word_1_261' title='bbox 2902 3603 3031 3673; x_wconf 84' lang='lat' dir='ltr'>flu·-</span> 
     </span>
     <span class='ocr_line' id='line_1_30' title="bbox 596 3704 3035 3799; baseline 0.002 -28"><span class='ocrx_word' id='word_1_262' title='bbox 596 3738 632 3771; x_wconf 82' lang='lat'>‹</span> <span class='ocrx_word' id='word_1_263' title='bbox 671 3712 874 3788; x_wconf 83' lang='lat' dir='ltr'>mina,</span> <span class='ocrx_word' id='word_1_264' title='bbox 925 3704 1200 3789; x_wconf 76' lang='lat' dir='ltr'>mont&#39;eS,</span> <span class='ocrx_word' id='word_1_265' title='bbox 1245 3711 1683 3795; x_wconf 78' lang='lat' dir='ltr'>antiquitateS,</span> <span class='ocrx_word' id='word_1_266' title='bbox 1729 3712 2029 3778; x_wconf 86' lang='lat' dir='ltr'>nationes</span> <span class='ocrx_word' id='word_1_267' title='bbox 2084 3710 2365 3796; x_wconf 88' lang='lat' dir='ltr'>denique</span> <span class='ocrx_word' id='word_1_268' title='bbox 2388 3711 2499 3798; x_wconf 84' lang='lat'>(6).</span> <span class='ocrx_word' id='word_1_269' title='bbox 2546 3738 2581 3772; x_wconf 82' lang='lat'><strong>›</strong></span> <span class='ocrx_word' id='word_1_270' title='bbox 2628 3714 2731 3779; x_wconf 90' lang='lat' dir='ltr'>Ea</span> <span class='ocrx_word' id='word_1_271' title='bbox 2766 3721 3035 3799; x_wconf 89' lang='lat' dir='ltr'>propter</span> 
     </span>
     <span class='ocr_line' id='line_1_31' title="bbox 591 3816 3032 3905; baseline 0 -22"><span class='ocrx_word' id='word_1_272' title='bbox 591 3817 964 3886; x_wconf 77' lang='lat' dir='ltr'>Germaniae</span> <span class='ocrx_word' id='word_1_273' title='bbox 991 3818 1399 3905; x_wconf 84' lang='lat' dir='ltr'>majestatem</span> <span class='ocrx_word' id='word_1_274' title='bbox 1421 3817 1803 3885; x_wconf 87' lang='lat' dir='ltr'>sollicitudo</span> <span class='ocrx_word' id='word_1_275' title='bbox 1828 3819 1897 3883; x_wconf 89' lang='lat' dir='ltr'>in</span> <span class='ocrx_word' id='word_1_276' title='bbox 1926 3816 2110 3885; x_wconf 88' lang='lat' dir='ltr'>Celte</span> <span class='ocrx_word' id='word_1_277' title='bbox 2146 3820 2379 3886; x_wconf 87' lang='lat' dir='ltr'>merito</span> <span class='ocrx_word' id='word_1_278' title='bbox 2416 3818 2757 3887; x_wconf 88' lang='lat' dir='ltr'>laudanda</span> <span class='ocrx_word' id='word_1_279' title='bbox 2802 3828 2932 3903; x_wconf 70' lang='grc' dir='ltr'>θεῖς</span> <span class='ocrx_word' id='word_1_280' title='bbox 2962 3819 3032 3883; x_wconf 92' lang='lat' dir='ltr'>in</span> 
     </span>
    </p>
   </div>
   <div class='ocr_carea' id='block_1_3' title="bbox 592 4108 3035 4342">
    <p class='ocr_par' dir='ltr' id='par_1_4' title="bbox 592 4108 3035 4342">
     <span class='ocr_line' id='line_1_32' title="bbox 702 4108 3035 4184; baseline 0.001 -20"><span class='ocrx_word' id='word_1_281' title='bbox 702 4109 752 4164; x_wconf 88' lang='lat'>1.</span> <span class='ocrx_word' id='word_1_282' title='bbox 792 4108 1012 4180; x_wconf 75' lang='lat' dir='ltr'>Reipsa</span> <span class='ocrx_word' id='word_1_283' title='bbox 1053 4108 1192 4164; x_wconf 89' lang='lat' dir='ltr'>huic</span> <span class='ocrx_word' id='word_1_284' title='bbox 1217 4108 1411 4164; x_wconf 86' lang='lat' dir='ltr'>libello</span> <span class='ocrx_word' id='word_1_285' title='bbox 1441 4108 1790 4181; x_wconf 84' lang='lat' dir='ltr'>inscriptum</span> <span class='ocrx_word' id='word_1_286' title='bbox 1824 4113 1916 4163; x_wconf 84' lang='lat' dir='ltr'>est</span> <span class='ocrx_word' id='word_1_287' title='bbox 1948 4130 1960 4162; x_wconf 90' lang='lat'><strong>:</strong></span> <span class='ocrx_word' id='word_1_288' title='bbox 2009 4128 2035 4160; x_wconf 79' lang='grc' dir='ltr'><strong>σ</strong></span> <span class='ocrx_word' id='word_1_289' title='bbox 2065 4109 2341 4165; x_wconf 75' lang='lat' dir='ltr'>conradi</span> <span class='ocrx_word' id='word_1_290' title='bbox 2371 4109 2557 4167; x_wconf 80' lang='lat' dir='ltr'>Celtis</span> <span class='ocrx_word' id='word_1_291' title='bbox 2584 4111 2920 4184; x_wconf 73' lang='lat' dir='ltr'>Paneqyrz&#39;s</span> <span class='ocrx_word' id='word_1_292' title='bbox 2948 4111 3035 4167; x_wconf 87' lang='lat' dir='ltr'>ad</span> 
     </span>
     <span class='ocr_line' id='line_1_33' title="bbox 592 4188 3029 4261; baseline 0 -16"><span class='ocrx_word' id='word_1_293' title='bbox 592 4188 766 4245; x_wconf 77' lang='lat' dir='ltr'>duces</span> <span class='ocrx_word' id='word_1_294' title='bbox 791 4190 1081 4251; x_wconf 79' lang='lat' dir='ltr'>Bavariae</span> <span class='ocrx_word' id='word_1_295' title='bbox 1125 4208 1179 4243; x_wconf 72' lang='lat'>»-</span> <span class='ocrx_word' id='word_1_296' title='bbox 1227 4188 1371 4245; x_wconf 86' lang='lat' dir='ltr'>Loci</span> <span class='ocrx_word' id='word_1_297' title='bbox 1409 4195 1472 4244; x_wconf 87' lang='lat' dir='ltr'>et</span> <span class='ocrx_word' id='word_1_298' title='bbox 1498 4188 1776 4259; x_wconf 74' lang='lat' dir='ltr'>temporis</span> <span class='ocrx_word' id='word_1_299' title='bbox 1806 4188 2022 4247; x_wconf 81' lang='lat' dir='ltr'>mentio</span> <span class='ocrx_word' id='word_1_300' title='bbox 2050 4189 2235 4245; x_wconf 83' lang='lat' dir='ltr'>deest.</span> <span class='ocrx_word' id='word_1_301' title='bbox 2267 4188 2503 4261; x_wconf 74' lang='lat' dir='ltr'>Paginae</span> <span class='ocrx_word' id='word_1_302' title='bbox 2540 4206 2785 4247; x_wconf 87' lang='lat' dir='ltr'>numero</span> <span class='ocrx_word' id='word_1_303' title='bbox 2813 4199 3029 4246; x_wconf 84' lang='lat' dir='ltr'>carent.</span> 
     </span>
     <span class='ocr_line' id='line_1_34' title="bbox 697 4267 3034 4342; baseline 0 -18"><span class='ocrx_word' id='word_1_304' title='bbox 697 4269 752 4325; x_wconf 78' lang='lat'>2.</span> <span class='ocrx_word' id='word_1_305' title='bbox 791 4269 874 4324; x_wconf 86' lang='lat' dir='ltr'>Ea</span> <span class='ocrx_word' id='word_1_306' title='bbox 904 4268 1127 4324; x_wconf 87' lang='lat' dir='ltr'>scilicet</span> <span class='ocrx_word' id='word_1_307' title='bbox 1166 4269 1340 4324; x_wconf 85' lang='lat' dir='ltr'>verba</span> <span class='ocrx_word' id='word_1_308' title='bbox 1379 4268 1759 4340; x_wconf 78' lang='lat' dir='ltr'>Panegyrico,</span> <span class='ocrx_word' id='word_1_309' title='bbox 1806 4269 2071 4342; x_wconf 83' lang='lat' dir='ltr'>protinus</span> <span class='ocrx_word' id='word_1_310' title='bbox 2122 4269 2193 4324; x_wconf 89' lang='lat' dir='ltr'>ab</span> <span class='ocrx_word' id='word_1_311' title='bbox 2243 4269 2609 4326; x_wconf 88' lang='lat' dir='ltr'>dedicatoriis</span> <span class='ocrx_word' id='word_1_312' title='bbox 2658 4267 3034 4337; x_wconf 70' lang='lat' dir='ltr'>carminibus,</span> 
     </span>
    </p>
   </div>
   <div class='ocr_carea' id='block_1_4' title="bbox 457 4349 1055 4422">
    <p class='ocr_par' dir='ltr' id='par_1_5' title="bbox 457 4349 1055 4422">
     <span class='ocr_line' id='line_1_35' title="bbox 457 4349 1055 4422; baseline 0.005 -20"><span class='ocrx_word' id='word_1_313' title='bbox 457 4362 474 4375; x_wconf 65' lang='grc'><strong>’</strong></span> <span class='ocrx_word' id='word_1_314' title='bbox 591 4349 870 4422; x_wconf 76' lang='lat' dir='ltr'>inscripta</span> <span class='ocrx_word' id='word_1_315' title='bbox 895 4354 1055 4405; x_wconf 84' lang='lat' dir='ltr'>sunt.</span> 
     </span>
    </p>
   </div>
   <div class='ocr_carea' id='block_1_5' title="bbox 699 4382 2820 4646">
    <p class='ocr_par' dir='ltr' id='par_1_6' title="bbox 699 4382 2820 4646">
     <span class='ocr_line' id='line_1_36' title="bbox 702 4382 2820 4522; baseline 0.002 -38"><span class='ocrx_word' id='word_1_316' title='bbox 702 4429 751 4484; x_wconf 90' lang='grc'>3.</span> <span class='ocrx_word' id='word_1_317' title='bbox 797 4447 826 4479; x_wconf 87' lang='lat'>«</span> <span class='ocrx_word' id='word_1_318' title='bbox 855 4428 1027 4522; x_wconf 63' lang='lat' dir='ltr'>hlunc</span> <span class='ocrx_word' id='word_1_319' title='bbox 1054 4428 1228 4484; x_wconf 88' lang='lat' dir='ltr'>redeo</span> <span class='ocrx_word' id='word_1_320' title='bbox 1256 4428 1327 4483; x_wconf 88' lang='lat' dir='ltr'>ad</span> <span class='ocrx_word' id='word_1_321' title='bbox 1357 4444 1480 4499; x_wconf 83' lang='lat' dir='ltr'>vos,</span> <span class='ocrx_word' id='word_1_322' title='bbox 1511 4382 1780 4507; x_wconf 82' lang='lat' dir='ltr'>generosi</span> <span class='ocrx_word' id='word_1_323' title='bbox 1819 4428 2285 4485; x_wconf 55' lang='lat' dir='ltr'>adolescentes..</span> <span class='ocrx_word' id='word_1_324' title='bbox 2321 4452 2349 4481; x_wconf 73' lang='lat' dir='ltr'><strong>n</strong></span> <span class='ocrx_word' id='word_1_325' title='bbox 2380 4430 2820 4505; x_wconf 73' lang='lat' dir='ltr'>(Paneqyris...)</span> 
     </span>
     <span class='ocr_line' id='line_1_37' title="bbox 699 4507 954 4646; baseline 0.012 -3"><span class='ocrx_word' id='word_1_326' title='bbox 699 4510 755 4645; x_wconf 66' lang='grc' dir='ltr'>’ἐζ</span> <span class='ocrx_word' id='word_1_327' title='bbox 793 4507 954 4646; x_wconf 63' lang='lat'>{2232</span> 
     </span>
    </p>
   </div>
   <div class='ocr_carea' id='block_1_6' title="bbox 702 4669 1136 4761">
    <p class='ocr_par' dir='ltr' id='par_1_7' title="bbox 702 4669 1136 4761">
     <span class='ocr_line' id='line_1_38' title="bbox 702 4669 1136 4761; baseline 0.005 -40"><span class='ocrx_word' id='word_1_328' title='bbox 702 4672 749 4761; x_wconf 57' lang='lat' dir='ltr'>Q.</span> <span class='ocrx_word' id='word_1_329' title='bbox 797 4672 1034 4740; x_wconf 76' lang='lat' dir='ltr'>Paneqy</span> <span class='ocrx_word' id='word_1_330' title='bbox 1041 4669 1136 4723; x_wconf 83' lang='lat' dir='ltr'>ris.</span> 
     </span>
    </p>
   </div>
   <div class='ocr_carea' id='block_1_7' title="bbox 3524 3228 3526 3759">
    <p class='ocr_par' dir='ltr' id='par_1_8' title="bbox 3524 3228 3526 3759">
     <span class='ocr_line' id='line_1_39' title="bbox 3524 3228 3526 3759; baseline 0 0"><span class='ocrx_word' id='word_1_331' title='bbox 3524 3228 3526 3759; x_wconf 95' lang='lat' dir='ltr'> </span> 
     </span>
    </p>
   </div>
  </div>
 </body>
</html>
