3564 5588
18 893 20 906 vv
17 338 27 876 —v—vffiv—mz
18 307 21 314 -
18 177 28 292 ..ι-ηις.
18 99 30 155 Λιμ-
18 51 27 84 ιο-
18 0 25 10 <

127 859 136 869 ο

1634 607 1718 618 -
1765 563 2159 662 XXXIV-L—

677 729 992 805 Quintum
1016 730 1226 795 misit:
1273 754 1309 789 <
1339 729 1664 803 Quoniam
1689 751 1905 816 nuper
1929 751 2050 818 per
2078 729 2428 816 quemdam
2455 729 2518 794 J.
2554 729 2865 808 Eckium,
2906 730 3125 796 Theo-

674 863 710 898 <
757 839 1008 924 logum,
1050 842 1128 903 ut
1155 835 1534 915 videbatur,
1574 836 1656 902 ad
1677 858 1798 904 nos
1807 889 1940 904 .....
1976 838 2315 926 negotium
2343 837 2632 904 doctoris
2676 837 2949 902 Martini
2976 838 3117 902 Lu-

675 970 711 1005 <
759 945 928 1010 theri
957 948 1310 1038 tangentes
1336 944 1572 1010 litterae
1603 945 1816 1010 missae
1845 946 2125 1012 fuissent
2132 993 2264 1014 .....
2302 971 2339 1006 »
2372 965 2701 1030 quumque
2740 945 2811 1010 in
2836 943 3117 1011 Germa-

669 1053 781 1117 nia
827 1052 1083 1117 Primas
1113 1061 1284 1116 esset
1311 1052 1772 1138 Moguntiacus
1811 1053 2387 1140 ArchiepiscopuS,
2418 1053 2807 1138 legatusque
2840 1073 2881 1118 a
2902 1053 3120 1118 latere

669 1159 1291 1248 ArgentoracenciS,
1341 1159 1586 1245 aliique
1639 1159 2164 1248 Archiepiscopi,
2222 1159 2685 1246 Episcopique,
2744 1160 3112 1246 PrincipeS,

667 1267 1068 1347 Academiae,
1107 1267 1217 1353 qui
1237 1268 1379 1355 jam
1411 1267 1666 1334 bullam
1697 1267 2146 1354 pontificalem
2166 1267 2597 1354 accepissent,
2629 1288 2668 1332 a
2687 1266 2923 1352 quibus
2944 1288 3115 1332 non-

669 1374 826 1440 dum
898 1375 1177 1440 Lutheri
1249 1395 1452 1462 opera
1513 1375 1791 1441 fuissent
1865 1375 2248 1458 combustaz,
2322 1393 2652 1460 quumque
2726 1375 3121 1440 Parisiensis

665 1482 982 1548 Facultas
1024 1508 1060 1543 ‹
1101 1504 1246 1568 quae
1280 1487 1510 1549 nostra
1557 1493 1768 1549 mater
1818 1487 1938 1561 est,
1982 1509 2019 1544 1>
2070 1483 2150 1548 de
2188 1482 2625 1568 disputatione
2677 1481 3003 1566 Lipsiensi
3050 1482 3122 1546 in

667 1589 1014 1656 arbitrium
1074 1590 1420 1669 advocata,
1479 1589 1775 1656 nondum
1830 1591 2222 1656 sententiam
2268 1589 2581 1672 dixisset3
2643 1608 2770 1654 nec
2824 1588 3120 1676 legitime

665 1697 818 1762 satis
849 1697 932 1764 ad
949 1701 1086 1763 tam
1111 1698 1450 1784 singulare
1479 1718 1718 1762 munus
1747 1723 1784 1758 <
1812 1699 2065 1764 Eckius
2094 1697 2674 1764 commendaretur
2694 1721 2759 1775 ³»,
2785 1695 2911 1761 sibi
2935 1697 3123 1761 mora

665 1825 828 1891 opus
858 1825 999 1870 esse
1029 1804 1242 1872 donec
1272 1806 1623 1872 consilium
1651 1815 1923 1892 caperet
1956 1805 2069 1892 (1).

689 1988 696 1992 ,
753 1911 1143 1999 Ingolstadii
1189 1918 1442 1991 autem,
1483 1913 1603 1978 ubi·
1635 1914 1885 1980 Eckius
1927 1912 2429 1992 dominabatur,
2478 1912 2649 1977 nihil
2680 1911 2811 1978 fuit
2853 1910 3116 1976 dubita·-

661 2020 893 2103 tionis3
925 2023 1042 2085 aut
1071 2021 1125 2085 si
1155 2021 1297 2106 quis
1324 2020 1772 2108 professorum
1808 2021 2103 2087 incertus
2140 2021 2427 2100 haeserit,
2460 2021 2540 2085 'in
2584 2019 2847 2086 occulto
2870 2039 2981 2084 res
3008 2019 3117 2084 la—

661 2127 807 2207 tuit,
851 2131 920 2193 et
954 2148 1076 2215 per
1121 2129 1593 2216 Theologicam
1645 2129 2067 2195 Facultatem
2110 2127 2489 2195 Academiae
2530 2129 2653 2193 toti
2690 2126 2939 2193 Eckius
2973 2146 3116 2193 mo·-

664 2234 928 2301 deratus
960 2239 1080 2301 est.

751 2343 820 2408 Si
841 2343 984 2428 quis
1003 2354 1162 2430 ergo
1191 2343 1569 2410 consideret
1591 2346 1720 2430 qua
1739 2342 2039 2410 dissimili
2058 2345 2315 2410 ratione
2342 2342 2767 2420 Viennensis,
2794 2340 3121 2428 Ingolsta-

664 2447 1035 2535 diensisque
1092 2451 1504 2530 Academiae,
1553 2452 1839 2518 antehac
1881 2456 2111 2518 mutuo
2148 2452 2671 2535 consentientes,
2720 2450 2791 2514 in
2827 2449 2955 2514 hoc
2990 2447 3121 2514 dis-

663 2558 937 2624 crimine
976 2579 1046 2622 se
1090 2557 1473 2637 habuerint,
1531 2559 1718 2624 illam
1773 2560 2143 2626 animorum
2198 2559 2696 2637 dissentionem,
2748 2558 2991 2644 magna
3033 2577 3120 2622 ex

661 2669 884 2752 parte,
933 2664 1015 2731 ab
1059 2663 1270 2731 Eckio
1324 2677 1772 2753 comparatam
1817 2667 2021 2734 fuisse
2062 2671 2401 2754 agnoscet.
2455 2668 2549 2732 De
2587 2666 2763 2732 facto
2804 2666 2851 2731 ii
2890 2685 3118 2730 omnes

661 2772 774 2859 qui
800 2772 882 2839 de
913 2774 1212 2840 Bavariae
1243 2773 1442 2841 rebus
1470 2775 1819 2863 scripsere,
1858 2777 2302 2859 conveniunt·
2335 2784 2399 2841 et
2423 2773 2740 2861 quidquid
2769 2772 2851 2840 ab
2882 2774 3016 2840 illis
3032 2772 3115 2839 de

661 2882 946 2947 Bavaria
988 2880 1238 2947 dictum
1278 2892 1409 2962 est,
1457 2884 1690 2976 eodem
1725 2883 1921 2950 modo
1971 2883 2052 2949 de
2094 2882 2459 2949 Academia
2498 2884 2639 2969 ipsa
2676 2886 2890 2968 potest
2934 2882 3107 2948 dici.

665 3013 701 3048 <
731 2988 923 3055 Certe
965 2991 1169 3055 Bo'ica
1204 2989 1401 3055 debet
1435 2968 1680 3069 Eckio,
1721 2990 2087 3057 secundum
2127 2992 2369 3069 Deum,
2422 2990 2612 3054 initia
2646 2989 3007 3055 retinendae
3044 2989 3115 3053 in

666 3121 701 3155 «c
733 3096 909 3161 avita
931 3094 1060 3162 fide
1086 3098 1466 3163 constantiae
1495 3097 1607 3184 (2).
1640 3123 1677 3158 1>
1702 3098 1857 3165 Non
1886 3098 2059 3184 quod
2091 3118 2171 3163 ea
2196 3098 2311 3162 uni
2348 3097 2557 3161 Eckio
2588 3096 2736 3161 laus
2763 3095 3105 3173 debeatur,

635 3276 637 3279 Α
661 3224 862 3288 quum
879 3204 1094 3270 Duces
1117 3205 1419 3271 Bavariae
1437 3204 1517 3270 ad
1541 3205 1956 3271 retinendam
1980 3206 2375 3279 catholicam
2398 3202 2596 3270 fidem
2624 3205 2945 3269 acerrime
2969 3203 3115 3269 fue-

658 3312 795 3377 rint
809 3312 1068 3391 intenti,
1087 3312 1395 3398 circaque
1417 3313 1632 3378 Duces
1648 3313 1774 3378 viri
1788 3314 2118 3392 nonnulli,
2141 3313 2645 3398 Christophorus
2664 3312 3109 3378 Schwartzen-

659 3418 951 3507 bergius,
977 3420 1056 3485 L.
1076 3420 1348 3498 EckiUS,
1381 3421 1700 3486 Leschius
1719 3420 1805 3506 (3)
1838 3422 2104 3507 spiritus
2128 3420 2393 3487 eosdem
2420 3420 2742 3486 obstinate
2770 3424 3105 3506 gererent.

661 3526 858 3591 Ultra
888 3526 1154 3593 modum
1179 3526 1603 3613 progreditur
1630 3527 2013 3594 Ludovicus
2047 3528 2128 3593 ab
2165 3529 2388 3606 Avila,
2419 3528 2522 3593 his
2552 3528 2867 3613 scriptis.
2912 3552 2945 3587 α
2974 3528 3108 3592 Ba

664 3659 699 3693 α
736 3634 904 3714 vari,
935 3635 1096 3700 licet
1119 3644 1415 3700 veterem
1448 3638 1516 3701 et
1539 3635 1978 3703 orthodoxam
2005 3635 2399 3723 religionem
2427 3635 2743 3721 amplexi,
2766 3638 2993 3699 tamen
3016 3634 3113 3699 ita

663 3766 698 3801 ‹
733 3761 803 3806 se
836 3741 1310 3829 comparabant
1347 3751 1422 3807 ut
1463 3747 1530 3808 et
1575 3742 1931 3809 Catholicis
1958 3741 2039 3808 'et
2075 3743 2477 3809 Lutheranis
2528 3763 2613 3807 ex
2650 3762 2837 3827 aequo
2880 3740 3109 3807 favere

607 3842 619 3853 ”
663 3874 696 3909 ‹
729 3848 1148 3928 viderentur,
1191 3853 1508 3933 tanquam
1561 3854 1951 3916 neutrarum
2005 3852 2289 3936 partium
2336 3870 2423 3915 ex
2468 3849 2764 3935 professo
2816 3852 3105 3914 sectato-

661 3980 696 4015 «
727 3975 836 4020 res
861 3954 974 4041 (4).
1009 3981 1046 4016 1>
1083 3956 1399 4021 Dissentit
1437 3958 1702 4023 omnino
1734 3957 2210 4022 Adlzreitterus
2242 3978 2441 4043 quum
2476 3955 2880 4042 profiteatur,
2930 3974 3105 4021 anno

645 4062 786 4149 jam
830 4062 998 4129 1520
1019 4113 1036 4141 ,
1083 4067 1354 4149 propter
1389 4064 1590 4128 animi
1630 4065 1831 4129 Ducis
1876 4066 2339 4142 constantiam,
2392 4089 2427 4124 (ι
2468 4083 2805 4149 nunquam
2836 4063 3106 4129 licuisse

658 4196 692 4230 (κ
732 4170 1010 4235 Lutheri
1043 4170 1460 4257 praeconibus
1492 4171 1728 4257 pedem
1765 4173 1835 4237 in
1876 4173 2081 4239 Boica
2116 4174 2339 4260 palam
2376 4170 2613 4259 figere,
2669 4192 2883 4257 neque
2919 4172 3106 4237 clan-

762 4390 810 4453 i.
852 4392 1256 4465 Mitteidorfer,
1298 4394 1400 4451 104
1428 4396 1462 4449 ὲ,
1493 4395 1620 4463 107,
1652 4394 1698 4450 1.

649 4545 732 4621 M
742 4475 1303 4622 217{bAdl‘zi·eitte1·.
1335 4476 1602 4533 Annales
1634 4474 1827 4533 Boicoe
1848 4477 2062 4549 qencis.
2094 4477 2237 4534 Pars
2262 4474 2339 4545 11,
2374 4496 2429 4551 p.
2458 4473 2591 4534 236.
2632 4432 2993 4533 Fiancofurti
3034 4479 3107 4536 ad

759 4637 1216 4693 3.Ad121·eitteu.
1255 4638 1414 4695 mid.

687 4739 699 4747 ·
756 4719 808 4774 4.
851 4716 912 4772 L.
940 4734 1000 4772 a.
1031 4718 1220 4775 Avila.
1253 4724 1338 4775 De
1363 4718 1514 4776 bello
1542 4719 1918 4793 Germanice,
1945 4735 2003 4793 p.
2027 4722 2114 4779 ⁶20.
