3564 5588
1512 627 1595 640 ·--
1641 609 1838 656 LXXI
1886 627 1970 639 ·-·-

519 759 931 832 convertunt,
962 751 1102 831 alii,
1131 771 1266 818 non
1294 749 1534 818 minori
1565 751 1780 818 studio
1816 751 1901 818 ad
1926 770 2151 818 sacras
2176 751 2454 832 litteras,
2490 761 2555 819 et
2590 751 2675 819 ad
2708 751 2961 820 discus-

519 862 769 927 sionem
824 869 890 926 et
929 859 1497 946 diligentissimam
1545 859 2021 946 scripturarum
2066 860 2635 947 investigationem
2680 880 2751 925 se
2798 881 2959 928 con-

518 968 764 1035 ferunt.
807 967 968 1032 Haec
1011 968 1380 1033 animorum
1419 966 1968 1052 ingeniorumque
2004 967 2271 1054 agitatio
2298 965 2591 1054 profanae
2629 967 2875 1053 pariter
2900 975 2965 1032 et

450 1107 462 1120 ·
517 1095 724 1141 sacrae
772 1073 1038 1161 prodest
1085 1074 1474 1158 antiquitati,
1530 1073 1776 1158 talique
1838 1072 2057 1152 mod0‚
2108 1074 2211 1139 his
2256 1073 2549 1140 adversis
2595 1073 2958 1153 conatibuS,

515 1183 783 1270 ipsaque
819 1179 1184 1247 studiorum
1223 1179 1626 1259 diversitate,
1676 1179 1885 1245 ambae
1923 1189 2145 1268 partes
2186 1201 2371 1266 aeque
2411 1189 2656 1267 paratae
2694 1189 2845 1246 sunt
2879 1179 2965 1246 ad

516 1289 828 1356 tuendam
855 1289 1054 1354 armis
1088 1306 1326 1353 recens
1362 1287 1632 1366 incusiS,
1671 1295 1786 1352 aut
1821 1286 2333 1375 expugnandam
2369 1287 2956 1354 Reformationem.

517 1395 859 1462 Clauditur
889 1396 998 1462 hic
1034 1395 1248 1482 prima
1281 1393 1619 1481 periodus.
1652 1394 1690 1459 J
1695 1413 1802 1460 am
1841 1395 2017 1460 enim
2054 1404 2544 1462 consenuerunt
2573 1413 2773 1461 voces
2798 1395 2957 1475 illae,

513 1503 955 1571 Nominalista
1001 1512 1065 1567 et
1107 1501 1424 1581 Realista‚
1469 1521 1613 1586 quae
1647 1501 1718 1566 in
1761 1502 2088 1588 principio
2127 1503 2576 1589 reperiuntur,
2620 1511 2685 1568 et
2721 1522 2801 1569 ea
2839 1502 2964 1568 fuit

513 1605 784 1676 mutatio
838 1619 909 1675 ut
957 1610 1149 1695 primi
1197 1607 1500 1676 doctores
1553 1627 1726 1675 anno
1785 1607 1957 1676 1472
2001 1608 2381 1676 Academiae
2428 1609 2741 1696 adscripti
2785 1629 2961 1696 aegre

512 1717 942 1785 Academiam
975 1715 1413 1803 quadraginta
1452 1724 1593 1803 post
1633 1735 1842 1782 annos
1878 1725 2458 1804 recognoscerent.

602 1823 907 1891 Secunda
935 1822 1246 1911 periodus
1281 1823 1559 1890 fortasse
1601 1824 1797 1889 etiam
1832 1825 2156 1910 insignior
2196 1833 2498 1911 apparet3
2540 1841 2824 1910 namque
2868 1825 2953 1904 si,

510 1932 624 1999 vel
666 1933 738 1998 in
777 1932 1032 1998 caeteris
1070 1929 1472 2010 AcademiiS,
1507 1931 1924 1996 Humanismi
1965 1932 2253 2018 origines
2292 1932 2588 2018 reperire
2619 1941 2737 2010 est,
2772 1932 2961 1997 nulla

510 2049 731 2105 tamen
759 2039 1002 2106 exstitit
1042 2057 1210 2122 quae,
1242 2037 1754 2103 Reformationis
1787 2037 2213 2124 temporibuS,
2258 2036 2615 2104 firmiorem
2662 2037 2959 2104 habitum

511 2165 706 2231 quam
754 2145 900 2211 haec
960 2141 1496 2231 Ingolstadiensis
1540 2142 1870 2210 habuerit.
1924 2143 2267 2229 Nusquam
2322 2144 2621 2232 profecto
2668 2145 2955 2212 Theolo-

511 2253 732 2340 gicum
781 2259 1119 2319 certamen
1165 2251 1456 2316 ferocius
1486 2250 1632 2330 fuit,
1673 2271 1792 2317 seu
1825 2252 2099 2339 privatae
2143 2252 2399 2318 Ducum
2444 2251 2687 2318 indolis
2728 2253 2954 2338 causa,

507 2380 628 2426 seu
669 2367 940 2447 propter
971 2355 1278 2438 Eckium,
1320 2359 1509 2446 cujus
1556 2356 1852 2424 defuncti
1893 2359 1931 2424 J
1935 2359 2159 2424 esuitae
2202 2359 2743 2445 supervenientes
2796 2352 2957 2446 opus

511 2476 963 2554 susceperunt.
1021 2465 1288 2532 Jesuitae
1343 2464 1666 2532 claudunt
1716 2464 2001 2553 quodam
2051 2465 2245 2532 modo
2309 2467 2648 2551 utriusque
2701 2464 2957 2552 periodi

397 2581 402 2586 “
507 2583 828 2662 tempora,
870 2572 1026 2659 quid
1051 2593 1178 2659 que
1203 2570 1476 2638 valeant
1499 2572 1624 2638 illa
1663 2581 1730 2638 et
1751 2571 2126 2659 significent
2157 2572 2454 2639 absolute
2482 2571 2950 2660 demonstrant.

505 2681 1087 2769 Supervacaneum
1125 2689 1223 2746 est
1253 2699 1622 2750 memorare
1656 2699 1785 2764 quo
1818 2679 2012 2746 modo
2058 2680 2269 2747 solide
2305 2679 2496 2746 Eckii
2533 2700 2696 2766 opus
2728 2679 2952 2746 firma·
3060 2755 3063 2760 ,

509 2790 728 2855 verint
769 2798 834 2855 et
865 2787 934 2856 id
960 2798 1288 2878 postremo
1323 2783 1664 2854 effecerint
1694 2797 1768 2854 ut
1795 2786 2273 2875 Ingolstadium
2302 2786 2492 2854 sedes
2521 2785 2676 2854 fidei
2712 2786 2952 2855 Catho-

506 2896 656 2963 licae
684 2897 1020 2984 praecipua
1054 2895 1265 2962 fieret.
1296 2894 1605 2961 Attamen
1637 2895 1693 2959 si
1733 2895 1879 2980 quis
1912 2894 2324 2961 solummodo
2362 2904 2614 2981 spectat
2656 2894 2740 2960 ad
2779 2896 2955 2963 hanc

443 3024 449 3033 ·
503 3005 940 3092 pertinentem
979 3005 1049 3069 in
1086 3011 1413 3069 extremos
1450 3001 1807 3067 desinentis
1842 3001 2073 3067 saeculi
2114 3021 2322 3068 annos
2356 3000 2725 3087 periodum,
2761 3012 2827 3068 et
2870 3002 2953 3068 ad

503 3112 648 3177 sola
689 3110 1054 3177 studiorum
1086 3108 1453 3187 commoda,
1481 3126 1619 3175 non
1648 3110 1889 3195 poterit
1933 3109 2088 3194 quin
2118 3117 2431 3195 agnoscat
2465 3117 2530 3173 et
2565 3107 2955 3175 confiteatur

500 3218 732 3286 utilem
763 3228 828 3285 et
857 3218 1082 3306 magni
1107 3218 1430 3288 momenti,
1459 3235 1692 3283 eorum
1714 3215 1917 3281 fuisse
1947 3216 2426 3283 auctoritatem.
2449 3215 2756 3283 Profecto
2779 3227 2953 3303 post-

501 3346 698 3413 quam
734 3327 806 3392 in
831 3325 1261 3393 Academiam
1298 3324 1729 3411 irrepserunt,
1760 3321 2181 3390 Academicis
2208 3324 2450 3389 acriter
2480 3323 2949 3390 formidandis-

455 3485 460 3490 .
501 3452 628 3519 que
651 3432 901 3500 artibus
926 3432 1218 3498 aemulati
1249 3440 1422 3510 sunt,
1449 3429 1706 3496 duobus
1733 3430 1991 3497 scilicet
2019 3428 2270 3497 modis:
2302 3430 2624 3497 scholaris
2646 3430 2951 3517 stipendii

499 3540 904 3607 immunitate
964 3532 1350 3623 morumque
1411 3535 1895 3604 emendatione.
1953 3536 2075 3603 His
2128 3536 2377 3603 artibus
2442 3538 2525 3603 ad
2589 3557 2660 3603 se
2725 3558 2953 3604 omnes

503 3646 984 3735 stipendiorum
1012 3666 1257 3733 egenos
1282 3645 1685 3723 allexerunt,
1719 3654 1786 3709 et
1809 3664 1923 3710 eos
1951 3644 2086 3730 qui,
2110 3653 2381 3732 propter
2410 3646 2709 3731 pecuniae
2734 3646 2952 3732 parci-

499 3763 719 3834 tatem,
749 3774 819 3821 se
845 3774 884 3819 a
909 3754 1162 3820 caeteris
1194 3761 1742 3839 segregaverant3
1790 3750 2108 3836 brevique
2160 3752 2414 3817 auctior
2465 3751 2582 3818 ivit
2635 3771 2950 3820 numerus

429 3920 433 3924 .
503 3882 731 3928 eorum
782 3861 1019 3948 quibus
1072 3861 1442 3926 litterarum
1473 3868 1538 3924 et
1585 3857 1899 3925 doctrinae
1948 3856 2272 3925 beneficia
2323 3859 2750 3946 largirentur.
2804 3860 2867 3929 N
2872 3880 2949 3927 ec

499 3969 705 4035 multo
746 3978 891 4056 post
936 3976 1346 4055 compertum
1384 3966 1510 4032 fuit
1549 3985 1586 4031 e
1631 3964 1958 4033 Societate
1995 3965 2249 4045 PatreS,
2300 3966 2559 4031 nullam
2596 3967 2666 4032 in
2696 3977 2950 4053 partem

497 4075 878 4142 Academiae
907 4073 1387 4163 professoribus
1412 4092 1552 4139 esse
1579 4072 1963 4157 inferiores3
1990 4073 2230 4160 quippe
2265 4074 2377 4158 qui
2400 4092 2669 4139 suarum
2695 4074 2949 4142 metho-

498 4182 732 4249 dorum
779 4183 1122 4270 ingeniosa
1173 4181 1462 4247 novitate
1528 4180 1820 4245 omnium
1881 4180 2133 4246 animos
2200 4181 2269 4245 in
2322 4200 2393 4245 se
2456 4191 2941 4248 converterent.

494 4291 680 4356 Tunc
707 4291 777 4355 in
803 4290 1138 4375 praecipua
1166 4286 1678 4355 Academiarum
1706 4286 1903 4374 hujus
1928 4286 2137 4352 aetatis
2162 4287 2323 4352 vitia
2350 4307 2419 4353 se
2452 4296 2940 4368 convertentes,

422 4378 434 4389 ’
493 4416 749 4463 morum
775 4395 1190 4482 disciplinam
1222 4394 1304 4460 ab
1334 4394 1582 4481 ingenii
1610 4393 1797 4461 cultu
1835 4393 2307 4480 sejunxerunt3
2353 4395 2510 4478 quin
2562 4396 2694 4461 imo
2746 4397 2945 4461 animi

493 4505 821 4570 culturam
869 4502 1230 4589 disciplinae
1286 4520 1541 4567 morum
1594 4508 1987 4587 postponere
2050 4501 2173 4565 visi
2231 4509 2407 4566 sunt.
2469 4501 2629 4569 Haec
2688 4522 2945 4569 morum

496 4610 896 4689 emendatio,
938 4608 1380 4695 nequidquam
1426 4629 1467 4673 a
1519 4605 1911 4694 quibusdam
1955 4626 2041 4673 ex
2091 4607 2549 4675 Universita'tis
2596 4609 2944 4697 sagacibus

496 4716 1015 4783 moderatoribus
1044 4724 1372 4801 exoptata,
1419 4715 1686 4781 omnino
1720 4712 1803 4779 ab
1850 4714 2007 4800 ipsis
2057 4715 2324 4780 Jesuitis
2360 4716 2659 4802 perfecta
2708 4726 2826 4796 est,
2879 4726 2943 4781 et
