3564 5588
1440 602 1522 612 —
1569 567 1865 630 nvn—

433 724 628 812 gione
667 732 778 788 aut
811 722 1140 790 candidati
1174 723 1302 789 fide
1334 731 1528 790 antea
1549 725 1760 814 ‚fuisse
1801 726 2213 811 inquisitum3
2254 725 2406 792 fidei
2445 735 2661 792 autem
2709 733 2889 794 ante‘

433 830 652 898 omnia
686 830 966 896 Jesuitas
1004 830 1410 897 consuluisse
1451 855 1468 897 :
1513 832 1602 898 ita
1626 833 1766 920 jam
1812 841 2079 919 apparet
2122 853 2282 918 quas
2319 833 2402 900 ob
2448 842 2621 900 artes
2661 835 2862 900 inter-

431 938 746 1026 gerrimae·
767 935 920 1012 fldei
942 939 1097 1004 nota
1125 937 1488 1008 Academia
1526 938 2061 1026 Ingolstadiensis
2096 940 2369 1026 insignis
2394 950 2619 1026 postea
2643 939 2868 1006 futura

431 1046 534 1111 sit.
572 1043 786 1121 Quum
814 1045 1150 1131 epistolam
1184 1044 1605 1132 professoreS,
1642 1046 1748 1112 die
1775 1045 1817 1111 5
1841 1046 1879 1111 J
1883 1046 2025 1124 ulii,
2064 1047 2408 1126 misissent,
2442 1045 2547 1112 die
2576 1046 2619 1113 9
2645 1049 2862 1114 Wen-

430 1149 575 1219 dius
623 1171 1006 1240 responsum
1052 1150 1264 1232 dedit,
1311 1163 1377 1220 et
1429 1177 1464 1214 α
1509 1155 1657 1220 unis
1706 1153 1941 1219 litteris
1986 1143 2186 1219 totam
2233 1163 2679 1241 tempestatem
2733 1153 2863 1220 dif-

433 1286 466 1322 «
497 1258 702 1327 flavit.
731 1285 767 1321 2·
801 1259 1256 1327 Libentissime
1286 1261 1461 1326 enim
1501 1261 1681 1326 Duce
1709 1261 1943 1327 Patres
1967 1260 2339 1341 utebantur,
2380 1269 2444 1326 et
2466 1261 2666 1348 paulo
2690 1267 2867 1348 post,

427 1389 626 1454 quum
684 1366 765 1433 ad
823 1367 1301 1455 philosophiam
1357 1366 1762 1435 edocendam
1816 1367 2147 1454 professor
2198 1360 2485 1454 quidam
2514 1368 2865 1457 eligendus

428 1479 618 1556 esset,
643 1474 958 1541 idmunus
971 1474 1236 1542 cuidam
1254 1495 1340 1542 ex
1357 1476 1395 1540 J
1397 1476 1620 1542 esuitis
1638 1477 1788 1542 Dux
1801 1475 2153 1542 commisit:
2175 1474 2434 1551 Quanta
2452 1477 2670 1542 autem
2692 1475 2866 1563 apud

423 1582 850 1651 Academiam
875 1583 1074 1650 Ducis
1100 1584 1450 1650 auctoritas
1473 1592 1662 1663 esset,
1701 1583 1903 1670 paulo
1939 1592 2090 1649 ante
2116 1573 2388 1669 Staph'y
2401 1583 2459 1650 li
2482 1583 2865 1672 Theologiae

423 1691 806 1778 professoris
829 1690 1208 1776 exemplum
1230 1689 1624 1757 documento
1646 1688 1885 1756 fuerat.
1918 1690 2105 1756 More
2130 1691 2396 1774 antiquo
2424 1699 2683 1756 servato
2715 1691 2862 1758 Sta-

423 1798 724 1885 phylum,
762 1797 915 1883 quia
950 1816 1224 1863 uxorem
1271 1796 1582 1876 duxisset,
1618 1796 1910 1864 decanus
1952 1797 2371 1883 Theologicae
2404 1797 2766 1864 Facultatis
2796 1797 2863 1862 in

421 1904 805 1991 professoris
831 1904 1052 1970 locum
1075 1902 1414 1969 admittere
1443 1904 1769 1982 noluerat,
1808 1929 1842 1963 ‹
1872 1923 1955 1969 ne
1982 1904 2037 1968 si
2062 1904 2257 1970 homo
2283 1905 2675 1992 conjugatus
2704 1923 2864 1970 con-

427 2037 462 2072 «
495 2021 596 2077 tra
627 2011 1082 2078 Universitatis
1111 2010 1460 2097 privilegia
1496 2030 1604 2076 res
1642 2011 2050 2096 theologicas
2089 2019 2432 2089 tractaret,
2474 2009 2708 2078 schola
2748 2010 2863 2074 In-

425 2145 460 2180 «
497 2118 950 2207 golstadiensis
977 2119 1153 2184 male
1184 2116 1439 2185 audiret
1464 2116 1575 2204 (1).
1613 2143 1649 2179 2·
1689 2116 2007 2205 Staphylo
2043 2126 2274 2184 contra
2313 2137 2351 2183 e
2400 2117 2677 2183 Lutheri
2707 2137 2864 2204 par-

421 2225 591 2293 tibus
640 2225 726 2292 ad
771 2225 1131 2292 catholicas
1183 2243 1501 2292 converso
1561 2223 1646 2312 (2)
1708 2225 1858 2291 Dux
1907 2233 1971 2290 et
2030 2224 2217 2311 Papa
2269 2223 2467 2290 simul
2511 2223 2861 2308 favebant,

422 2353 748 2420 quumque
799 2333 933 2412 illi,
988 2341 1062 2399 ut
1103 2333 1487 2421 conjugato,
1545 2329 1919 2399 doctoratus
1976 2329 2267 2417 diploma
2322 2329 2866 2418 Ingolstadie'nsis

421 2439 783 2507 Academia
840 2459 974 2507 non
1029 2440 1498 2518 concessisset,
1581 2438 1774 2505 illum
1840 2439 2023 2526 Papa
2094 2439 2473 2526 Theologiae
2528 2437 2865 2504 doctorem

426 2573 461 2608 «
496 2546 839 2634 splendido
908 2546 1102 2613 misso
1174 2545 1532 2632 diplomate
1588 2565 1708 2633 per
1765 2545 2335 2632 archiepiscopum
2402 2544 2867 2632 salisburgen-

425 2680 460 2715 e
493 2673 632 2720 sem
673 2654 1169 2720 renuntiaverat
1211 2652 1321 2738 (3).
1372 2678 1408 2714 2·
1454 2653 1602 2718 Dux
1644 2672 1797 2719 eum
1835 2651 2221 2739 Ingolstadii
2268 2652 2708 2739 professorem
2755 2653 2866 2738 qui

423 2787 458 2823 α
491 2762 601 2829 vel
631 2761 963 2841 historiae,
999 2761 1110 2828 vel
1147 2759 1350 2829 bonas
1387 2759 1665 2840 litteraS,
1706 2759 1820 2826 vel
1860 2779 1967 2826 res
2007 2759 2447 2847 Theologicas
2485 2758 2777 2840 doceret,
2826 2784 2862 2821 ι

419 2870 856 2955 inspectorem
881 2870 1074 2934 etiam
1102 2868 1362 2935 Scholae
1391 2887 1542 2935 eum
1573 2868 1923 2934 constituit.
1956 2866 2061 2933 Ad
2092 2866 2221 2934 hoc
2252 2875 2503 2933 tantum
2533 2866 2864 2953 professo-

419 2995 568 3042 rum
610 2975 848 3043 infensi
885 2976 1086 3041 animi
1126 2972 1578 3061 pertinuerant
1606 2984 1679 3041 ut
1717 2974 2173 3040 auctoritatem
2217 2970 2540 3061 Staphyli‚
2577 2971 2865 3040 adhibito

419 3090 554 3149 tam
585 3083 859 3170 insignis
891 3080 1066 3169 apud
1089 3082 1337 3150 Ducem
1369 3081 1597 3169 gratiae
1620 3078 2042 3159 documento,
2078 3082 2586 3155 communirent.

508 3189 704 3256 Anno
738 3187 930 3269 1567,
974 3190 1146 3255 inter
1192 3189 1230 3254 J
1236 3190 1480 3255 esuitas
1515 3189 2057 3273 Facultatemque
2109 3187 2487 3255 Artisticam
2526 3195 2865 3253 certamen

420 3316 617 3384 quam
643 3296 926 3363 maxime
952 3296 1256 3362 iteratum
1281 3305 1375 3361 est
1398 3316 1417 3379 ς
1449 3295 1766 3383 imprimis
1781 3296 1955 3361 inter
1992 3294 2235 3361 Vitum
2257 3293 2659 3362 Jacoboeum
2677 3295 2866 3360 Lau-

419 3405 850 3489 danumque,
871 3422 1146 3492 poeseos
1173 3404 1770 3488 humaniorumque
1796 3403 2161 3468 litterarum
2190 3402 2615 3488 professores,
2639 3410 2705 3468 et
2730 3402 2863 3466 Pa-

421 3520 554 3577 tres
588 3510 987 3578 Arbor-eum
1005 3514 1074 3577 et
1105 3510 1444 3577 Ursinum
1473 3509 1736 3597 Logicae
1760 3510 2179 3595 physicaeque
2208 3508 2633 3595 professoreS.
2658 3512 2712 3569 ἀ
2739 3508 2865 3575 Ga-

423 3644 460 3680 «
494 3627 610 3706 put
635 3618 1100 3685 controversiae
1119 3618 1188 3683 in
1215 3638 1293 3684 eo
1315 3616 1697 3683 vertebatur
1722 3613 1897 3702 quod
1923 3617 2108 3683 circa
2126 3617 2414 3682 rationes
2447 3626 2866 3702 acceptorum

425 3750 460 3788 α
499 3733 564 3791 et
595 3724 900 3792 datorum
942 3744 1222 3791 camerae
1259 3722 1552 3812 ejusdem
1600 3723 1992 3802 FacultatiS,
2040 3724 2195 3789 item
2244 3724 2426 3790 circa
2472 3722 2867 3789 electionem

423 3856 458 3893 α
496 3832 1021 3899 examinatorum
1080 3832 1659 3915 inter'utramque
1725 3838 1980 3915 partem
2037 3838 2206 3896 esset
2263 3828 2769 3896 observandum.
2825 3853 2862 3889 »

411 3937 629 4013 Quum
665 3938 816 4005 Dux
856 3938 950 4005 M.
991 3938 1383 4025 Eisengrino
1427 3936 1816 4021 Canisioque
1856 3954 1996 4001 rem
2043 3934 2532 4024 dijudicandam
2588 3936 2863 4003 commi-

418 4045 638 4124 sisset,
673 4046 849 4111 male
893 4044 1123 4112 forsan
1163 4044 1505 4130 temperati
1543 4042 1820 4109 fuissent
1855 4043 2079 4122 animi,
2119 4044 2246 4108 nisi
2280 4044 2380 4109 rei
2422 4042 2550 4110 duo
2595 4043 2633 4108 J
2638 4044 2861 4109 esuitae

417 4153 765 4239 implicati,
811 4172 898 4218 ne
931 4152 1384 4219 vehementius
1434 4158 1665 4234 contra
1697 4149 2087 4217 Societatem
2135 4149 2499 4217 Academia
2542 4147 2858 4217 incende·
2896 4192 2901 4197 ·

536 4463 587 4519 1.
628 4462 920 4528 Annalem
955 4462 1001 4532 Ι,
1035 4478 1090 4534 p.
1117 4461 1246 4522 262.

524 4540 578 4598 2.
621 4542 934 4616 Aqricola‚
967 4540 1030 4608 1..
1058 4559 1115 4613 p.
1151 4542 1241 4599 65.
1365 4552 1374 4561 ·

527 4624 579 4679 3.
617 4619 858 4679 ItteruS.
904 4626 991 4679 De
1019 4620 1352 4681 Honoribus
1382 4622 1500 4679 sive
1541 4618 1853 4679 Gradibus
1880 4616 2261 4693 Academicis
2284 4618 2450 4677 liber.
2492 4618 2854 4677 Francol'urti

417 4701 486 4756 ad
515 4699 602 4758 M.
647 4702 804 4768 1698,
840 4720 894 4775 p.
931 4702 1033 4758 166
1063 4708 1121 4757 et
1147 4701 1270 4758 246.
