3564 5588
1588 547 1879 594 —LXX
1932 562 2013 578 ⁴·-

577 694 948 782 explicatus
975 699 1074 758 est
1099 715 1116 756 ε
1151 687 1631 777 Ingolstadium
1657 689 1851 774 quasi
1874 707 1999 756 arx
2022 687 2381 782 Catholicae
2411 688 2727 755 doctrinae
2748 695 2815 754 et
2837 687 3023 772 quasi

577 803 650 868 in
691 800 1032 888 superiore
1075 796 1434 864 Germania
1479 793 1892 862 Pontificalis
1937 795 2343 862 auctoritatis
2374 795 2752 883 praesidium
2789 795 3017 860 evasit.

575 907 683 975 Ab
733 893 910 974 ando
957 904 1129 972 1588
1165 902 1248 970 ad
1289 901 1484 982 1618,
1530 902 1741 970 donec
1776 902 2033 970 bellum
2070 902 2241 969 illud
2277 903 2677 970 Tricennale
2720 911 3027 969 exortum

587 1026 706 1096 est,
749 1014 1020 1102 triginta
1051 1013 1206 1078 anni
1251 1012 1460 1098 elapsi
1499 1019 1651 1076 sunt
1689 1035 1704 1075 ε
1741 1011 2055 1097 temporis
2090 1010 2347 1078 scilicet
2380 1012 2660 1098 spatium
2686 1010 2843 1076 satis
2873 1010 3020 1077 lon-

581 1143 738 1214 gum
777 1131 851 1190 ut
889 1122 960 1188 in
997 1122 1124 1186 sua
1157 1117 1290 1185 fide
1325 1117 1817 1185 Catholicorum
1854 1119 2055 1183 animi
2092 1117 2609 1184 informarentur
2646 1127 2712 1183 et
2748 1138 2790 1184 a
2825 1117 3023 1183 resis-

577 1229 847 1299 tendum
889 1236 1308 1316 pararentur.
1354 1225 1636 1292 Accedit
1675 1227 1875 1292 etiam
1916 1235 1987 1293 ut
2022 1225 2414 1312 Ingolstadii
2456 1225 2823 1312 Imperator
2864 1225 3027 1291 Fer-

577 1336 908 1406 dinandus
949 1335 1016 1402 II
1046 1334 1246 1401 fuerit
1281 1332 1598 1416 edoctus;
1631 1351 1760 1400 nec
1802 1353 2199 1420 quemquam
2230 1333 2424 1399 fallet
2455 1333 2682 1420 quanti
2714 1333 3029 1400 momenti

574 1448 644 1512 in
685 1443 889 1512 rebus
919 1441 1220 1510 Bavariae
1257 1441 1582 1526 totiusque
1619 1438 1993 1508 Germaniae
2028 1439 2452 1507 moderandis
2492 1438 3029 1529 Ingolstadiensis

575 1551 944 1621 Academia
985 1548 1306 1614 exstiterit
1321 1598 1342 1626 ,
1392 1556 1508 1614 aut
1547 1567 1742 1632 quem
1790 1549 1862 1614 in
1906 1546 2175 1614 modum
2216 1547 2573 1635 peculiaris
2612 1548 2799 1614 istius
2845 1547 3026 1613 Aca-

581 1660 814 1727 demiae
865 1656 1141 1724 historia
1195 1653 1280 1722 ad
1348 1674 1766 1721 communem
1820 1675 2047 1744 rerum
2100 1654 2649 1722 Germanicarum
2704 1655 3026 1740 totiusque

575 1767 860 1854 Europae
887 1782 1207 1830 summam
1245 1762 1595 1850 pertineat.

665 1872 846 1960 Ergo
897 1868 1441 1958 Ingolstadiensis
1495 1867 1864 1937 Academia
1912 1870 1983 1934 in
2030 1870 2159 1937 hoc
2213 1870 2460 1936 saeculo
2513 1868 2797 1936 ostendit
2843 1868 3029 1954 quasi

575 1980 982 2048 breviarium
1031 1977 1620 2044 commutationum
1675 1996 1863 2062 quas,
1919 1979 2001 2043 ea
2045 1986 2457 2064 tempestate,
2507 1976 2811 2043 omnibus
2865 1974 3029 2041 Ger-

577 2089 816 2156 maniae
851 2084 1232 2154 Academiis
1267 2083 1489 2150 subire
1519 2102 1795 2152 necesse
1826 2084 1974 2151 fuit.
2011 2084 2171 2161 Quae
2198 2084 2489 2170 quidem,
2527 2093 2687 2150 nata
2714 2104 2917 2170 quum
2948 2084 3031 2149 sit

577 2198 648 2263 in
703 2195 896 2284 gravi
941 2213 1170 2270 rerum
1221 2193 1513 2259 omnium
1566 2191 1970 2271 discrimine,
2016 2193 2246 2280 primis
2288 2202 2511 2259 tamen
2559 2192 2845 2258 historiae
2894 2210 3029 2257 suae

578 2301 1014 2390 temporibus,
1063 2301 1306 2366 veteris
1345 2300 1596 2388 ingenii
1636 2300 2009 2386 veterisque
2056 2299 2423 2367 studiorum
2462 2301 2734 2366 rationis
2774 2307 3029 2386 specta-

581 2411 808 2478 culum
854 2408 1156 2497 praebet3
1195 2407 1315 2474 sed
1356 2407 1545 2473 brevi
1589 2417 1885 2494 tempore
1922 2428 2115 2475 novae
2154 2429 2264 2474 res
2312 2409 2385 2474 in
2434 2428 2582 2474 eam
2624 2409 3032 2494 irrepserunt

582 2517 1128 2602 Humanismique
1171 2517 1387 2603 prima
1435 2515 1597 2584 fecit
1637 2516 1964 2603 pericula.
2019 2516 2149 2591 Qui
2185 2517 2351 2584 licet
2388 2517 2859 2584 Humanismus
2895 2534 3031 2582 non

581 2626 666 2690 sit
721 2644 762 2690 a
803 2623 1170 2711 praestantis
1218 2622 1469 2710 ingenii
1516 2622 1678 2688 viris
1728 2623 2120 2710 Ingolstadii
2158 2624 2551 2704 illustratus,
2608 2623 3031 2690 nihilominus

581 2732 899 2811 virorum,
957 2731 1131 2797 inter
1188 2729 1697 2810 illustrissimos,
1739 2731 2013 2799 nomina
2052 2730 2559 2821 Ingolstadiensi
2603 2729 3032 2799 Universitati

578 2858 714 2907 non
751 2838 976 2906 aliena
1027 2838 1320 2905 fuerunt.
1377 2838 1532 2907 Non
1587 2837 1939 2905 admodum
1995 2840 2152 2908 huic
2211 2840 2467 2907 alienus
2515 2848 2613 2905 est
2668 2840 3025 2929 Erasmus3

579 2948 813 3014 saltem
843 2947 1071 3033 quanti
1100 2944 1278 3013 idem
1317 2945 1576 3013 valeret
1614 2946 1998 3015 Academiae
2037 2949 2487 3016 moderatores
2524 2949 3023 3023 intellexerunt,

583 3074 862 3141 eumque
916 3038 1182 3141 plurimi
1232 3054 1576 3136 fecerunt3
1633 3056 2179 3143 Reuchlinusque
2225 3055 2340 3135 ibi,
2388 3055 2553 3124 duos
2590 3075 2823 3135 annOS,
2862 3054 3025 3121 doc-

581 3162 768 3229 trinae
805 3182 942 3229 suae
987 3171 1322 3250 praecepta
1363 3162 1768 3251 explanavit.
1822 3163 2108 3231 Nullum
2150 3183 2309 3233 sane
2352 3163 2667 3229 eximium
2708 3184 2871 3249 opus
2903 3183 3026 3229 no-

583 3268 852 3335 tandum
891 3277 990 3335 est
1013 3269 1203 3356 cujus
1231 3269 1442 3337 vivax
1475 3268 1650 3356 apud
1683 3271 2091 3337 recentiores
2123 3272 2561 3358 permanserit
2588 3271 2932 3351 memoria,
2966 3279 3031 3338 et

583 3396 670 3443 ex
694 3375 998 3444 omnibus
1031 3376 1373 3470 litterariis
1406 3377 1718 3465 operibus
1755 3376 1839 3443 de
1872 3377 2108 3464 quibus
2141 3380 2540 3445 mentionem
2571 3378 2729 3460 feci,
2766 3379 3029 3447 nullum

581 3503 787 3572 prope
827 3492 924 3550 est
954 3482 1130 3570 quod
1166 3484 1447 3572 propriis
1480 3482 1740 3551 dotibus
1769 3484 2040 3551 laudem
2078 3487 2338 3573 assequi
2368 3489 2684 3553 meritum
2716 3487 2819 3555 sit.

670 3591 984 3657 Attamen
1023 3591 1398 3679 Theologos
1451 3592 1624 3659 inter
1677 3601 1742 3659 et
1790 3593 2216 3660 Humanistas
2253 3593 2631 3662 discrimina
2658 3599 3031 3685 temporum

584 3698 938 3767 discrimen
963 3699 1210 3765 acriter
1243 3698 1640 3783 ostendunt3
1683 3720 2009 3767 novarum
2041 3702 2300 3770 scilicet
2329 3722 2556 3769 rerum
2594 3703 2794 3770 initiis
2828 3702 3029 3769 adsu-

583 3826 750 3886 mus,
811 3816 897 3889 et,
967 3815 1042 3873 ut
1086 3805 1233 3872 fieri
1280 3807 1472 3886 solet,
1523 3809 1863 3875 acerrimis
1916 3810 2409 3891 certaminibuS,
2462 3810 2699 3898 quibus
2743 3831 2814 3878 se
2854 3811 3030 3879 tueri

582 3922 857 3982 conetur
893 3912 1242 4001 disciplina
1273 3914 1677 4000 periclitans

671 4021 857 4100 Mox,
897 4040 1100 4106 quum
1134 4040 1270 4087 non
1289 4022 1431 4109 jam
1461 4042 1708 4110 anceps
1744 4024 2024 4093 victoria
2045 4024 2311 4112 pendet,
2346 4026 2616 4111 antiqua
2648 4027 2792 4113 ipsa
2818 4026 3029 4092 Theo-

582 4130 890 4217 logorum
925 4128 1206 4195 societas
1239 4139 1411 4195 artes
1445 4149 1598 4196 suas
1630 4139 1863 4211 mutat,
1900 4140 1989 4211 et,
2024 4132 2269 4200 nedum
2300 4134 2579 4213 resistat,
2620 4131 2733 4199 dat
2759 4152 3031 4222 operam

582 4240 658 4303 ut
689 4236 1058 4303 animorum
1089 4244 1336 4302 motum
1379 4236 1643 4324 dirigat.
1677 4239 1840 4305 Toto
1878 4240 2097 4305 animo
2130 4240 2360 4307 studiis
2399 4240 2791 4307 incumbunt
2840 4240 3026 4306 theo-

581 4342 739 4431 logi,
771 4342 936 4409 fiunt
969 4341 1210 4409 eruditi
1248 4363 1374 4429 quo
1409 4345 1768 4431 plurimum
1810 4347 2147 4433 polleant;
2192 4356 2257 4413 et
2297 4368 2383 4415 ex
2417 4349 2559 4436 ipso
2596 4348 2863 4415 fervore
2901 4366 3029 4433 quo

583 4450 982 4517 Hebraicam
1030 4450 1332 4538 linguam
1374 4450 1656 4532 discunt,
1699 4453 2080 4541 intelligere
2128 4464 2227 4521 est
2264 4454 2615 4540 quamdam
2652 4456 3023 4535 imminere,

585 4557 690 4624 vel
738 4557 911 4643 apud
950 4577 1084 4635 eOS,
1129 4560 1565 4637 mutationem,
1598 4568 1663 4627 et
1710 4561 1782 4637 in
1822 4580 1901 4627 eo
1942 4581 2083 4629 esse
2122 4571 2195 4628 ut
2232 4572 2556 4653 erumpat.
2608 4564 2841 4655 Itaque
2871 4563 3029 4632 dum

586 4665 701 4731 alii
743 4686 813 4731 se
869 4666 1110 4733 acriter
1159 4664 1242 4733 ad
1296 4666 1607 4754 profanas
1652 4669 1909 4736 litteras
1954 4678 2019 4736 et
2067 4668 2152 4737 ad
2194 4690 2523 4758 paganam
2570 4673 3041 4759 antiquitatem-
