3564 5588
775 707 1020 790 Quavis
1037 715 1260 789 tamen
1283 706 1495 793 gratia
1515 707 1585 772 in
1613 705 1752 772 dies
1777 705 1994 772 studia
2019 725 2197 774 nova
2214 705 2516 792 plerique
2546 706 3135 792 amplecterentur,

679 815 873 902 juxta
895 813 1322 880 Academiam
1353 813 1570 900 potius
1593 833 1791 898 quam
1819 814 1889 878 in
1913 814 2055 900 ipsa
2082 812 2450 879 Academia
2472 813 2938 880 humaniorum
2965 811 3143 880 litte-

686 942 912 988 rarum
934 921 1337 1009 professores
1365 921 1596 1006 plures
1633 919 1780 986 fieri
1810 929 2179 1007 coeperunt.
2251 904 2281 950 ³

779 1029 882 1096 Ab
923 1050 1096 1096 anno
1135 1026 1304 1095 1498
1345 1027 1427 1093 ad
1474 1019 1877 1107 1515,'nu111
1920 1029 2037 1094 alii
2075 1030 2248 1095 inter
2292 1034 2520 1114 novos
2540 1029 2975 1114 professores
3016 1029 3141 1096 nisi

632 1165 638 1172 ·
685 1138 1086 1224 Theologiae,
1115 1137 1315 1215 Juris‚
1349 1133 1785 1201 Medicinaeve
1814 1136 2219 1222 professores
2259 1138 2705 1223 reperiuntur.
2750 1136 2946 1203 Anno
2990 1146 3139 1203 tan-

684 1256 822 1312 tum
855 1243 1046 1324 1515,
1070 1245 1430 1310 Johannes
1456 1241 1810 1320 Peirlein,
1834 1243 2147 1330 magister
2177 1243 2463 1323 Artium,
2485 1243 2734 1310 Graecae
2758 1243 3143 1312 litteraturae

667 1353 1015 1440 professor
1065 1371 1278 1418 novus
1329 1359 1626 1436 apparet.
1684 1350 1721 1414 J
1729 1370 1834 1415 am
1885 1360 2129 1430 tamen,
2192 1343 2401 1419 multo
2456 1352 2791 1418 notatione
2846 1351 3137 1440 dignius,

684 1467 856 1527 anno
894 1459 1088 1536 1505,
1129 1459 1488 1525 Johannes
1518 1457 2125 1536 Bosehensteiner,
2159 1458 2409 1546 linguae
2436 1458 2783 1525 Hebraicae
2809 1459 3144 1546 professor
3231 1463 3245 1469 “

680 1568 900 1634 fuerat
934 1567 1285 1653 inscriptus
1315 1564 1426 1652 (1).
1470 1565 1682 1648 Illius
1704 1566 2014 1652 auspiciis
2050 1565 2388 1632 Hebraica
2426 1565 2661 1653 lingua
2697 1566 2768 1631 in
2808 1565 3143 1654 Ingolsta-

685 1675 893 1740 diensi
921 1673 1264 1742 academia
1287 1674 1459 1739 inter
1481 1673 1677 1738 solita
1703 1672 1918 1739 studia
1947 1673 2172 1740 locum
2203 1671 2508 1739 obtinuit.
2826 1747 2831 1750 ,

769 1783 918 1851 Nec
961 1801 1121 1848 vere
1153 1781 1382 1848 forsan
1418 1801 1504 1846 ex
1543 1781 2017 1866 inscriptorum
2053 1799 2331 1847 numero
2374 1781 2737 1870 conjectari
2770 1789 2981 1868 potest
3016 1802 3145 1868 quo

682 1891 752 1972 in
778 1909 1091 1977 processu
1121 1889 1546 1954 humaniores
1579 1897 1798 1954 essent
1827 1887 2089 1954 litterae.
2128 1887 2324 1954 Haud
2360 1889 2573 1954 semel
2616 1890 2793 1954 enim
2828 1890 3003 1956 inter
3030 1881 3145 1957 eos
3220 1911 3227 1920 ·

682 1998 791 2084 qui
831 2007 1018 2064 extra
1047 1997 1493 2083 professorum
1530 1996 1896 2082 collegium
1929 1995 2318 2083 Ingolstadii
2350 1996 2661 2083 legerint,
2696 1997 2993 2063 virorum
3017 2017 3141 2063 no-

683 2105 862 2170 mina
896 2106 1016 2170 sua
1048 2114 1236 2171 aetate
1265 2104 1447 2171 haud
1476 2103 1870 2192 ignobilium
1902 2103 2092 2188 nobis
2124 2112 2509 2170 occurrunt.
2535 2103 2733 2171 Anno
2767 2105 2943 2170 enim
2974 2103 3140 2170 1507

682 2212 952 2299 fuit-per
982 2213 1234 2298 litteras
1264 2210 1742 2299 Ingolstadium
1770 2211 2131 2280 advocatus
2156 2205 2561 2278 Aventinus
2580 2209 2698 2300 (2),
2726 2211 2891 2279 olim
2922 2211 2993 2276 in
3028 2213 3142 2278 ea-

685 2319 835 2386 dem
867 2319 1230 2386 Academia
1257 2319 1606 2397 studiosuS,
1639 2319 1748 2404 qui
1784 2340 1986 2405 quum
2018 2318 2350 2384 Lutetiam
2382 2318 2732 2398 invisisset,
2759 2316 2874 2384 ubi
2895 2327 3145 2405 septem

567 2505 572 2508 ,
685 2427 951 2495 Artium
971 2428 1329 2514 magisterii
1357 2425 1742 2512 dignitatem
1769 2425 2045 2512 adeptus
2066 2411 2185 2505 est,
2211 2426 2507 2513 privatus
2530 2426 2843 2514 magister
2862 2426 3147 2504 Viennae

691 2533 766 2600 et‘
793 2534 1129 2618 Gracoviae
1171 2533 1511 2600 docuerat.
1561 2532 1758 2600 Anno
1802 2531 1971 2599 1507
2014 2533 2492 2620 Ingolstadium
2542 2534 2874 2620 migravit,
2924 2533 3145 2618 ibique

687 2642 1060 2709 Somnium
1089 2641 1486 2726 ScipioniS,
1543 2640 2141 2726 Rhetoricamque
2172 2639 2546 2726 Ciceronis
2578 2641 2673 2707 ad
2698 2641 3149 2724 Herennium

689 2751 1010 2839 praelegit.
1042 2750 1228 2816 Tunc
1254 2748 1754 2816 humanioribus
1784 2747 2021 2815 litteris
2044 2756 2219 2834 totus
2245 2747 2527 2829 deditus,
2552 2747 2847 2816 nondum
2880 2765 3148 2837 compo-

691 2857 944 2926 nendos
977 2858 1254 2925 annales
1291 2876 1648 2945 aggressus
1677 2864 1863 2940 erat3
1901 2882 1936 2917 ‹
1964 2877 2119 2922 cum
2156 2856 2359 2923 musis
2395 2857 2811 2937 versabatur,
2861 2856 3149 2923 maxime

608 2970 614 2976 ·
697 2991 732 3026 ‹
775 2985 952 3033 cum
979 2966 1355 3031 Horatianis
1403 2964 1852 3052 Carminibus,
1909 2985 2054 3050 quae
2104 2984 2146 3031 a
2191 2974 2448 3051 sumpto
2489 2964 2639 3031 cibo
2671 2965 2849 3031 scite
2896 2964 3147 3033 decan-

689 3095 732 3177 β(
778 3072 973 3139 tabat
991 3070 1108 3160 (3).
1145 3099 1180 3133 ›

748 3180 922 3245 Etsi
951 3200 1086 3247 non
1120 3180 1231 3246 diu
1265 3180 1653 3268 Ingolstadii
1675 3188 1967 3248 moratus
1994 3190 2112 3260 est,
2152 3179 2389 3268 dignus
2424 3190 2520 3247 est
2545 3180 2915 3248 Aventinus
2940 3181 3052 3266 qui
3080 3180 3151 3247 in

693 3286 1072 3355 Academiae
1095 3288 1448 3354 annalibus
1470 3289 1696 3355 locum
1719 3288 2043 3372 obtineat3
2071 3272 2312 3375 quippe
2336 3289 2449 3373 qui
2474 3289 2657 3354 circa
2678 3298 2926 3373 annum
2948 3286 3143 3367 1516,
3180 3312 3187 3320 ·

571 3446 578 3455 .
696 3394 779 3461 ad
806 3395 1184 3481 exempl-um
1210 3394 1491 3462 Conradi
1518 3395 1741 3474 Celtis,
1769 3394 2161 3462 Societatem
2189 3415 2430 3461 novam
2455 3395 2866 3475 litterariam,
2889 3422 2924 3457 ‹
2944 3379 3149 3462 Soda-

694 3502 948 3567 litatem
993 3499 1251 3569 scilicet
1301 3501 1946 3590 Angilostadiensem
1994 3500 2085 3591 (4)
2135 3529 2170 3563 ›
2224 3501 2616 3569 condiderit.
2676 3502 2969 3569 Societas
3031 3501 3151 3569 illa

697 3630 862 3695 quae,
895 3609 976 3675 ab
1006 3609 1213 3689 initio,
1242 3610 1539 3697 principe
1564 3619 1839 3697 patrono
1853 3610 2229 3677 Leonardo
2247 3610 2339 3676 ab
2360 3609 2512 3678 Eck
2531 3630 2687 3675 usus
2713 3619 2831 3689 est,
2862 3630 2899 3674 e
2926 3608 3150 3677 multis

697 3717 1058 3808 Facultatis
1094 3717 1421 3808 Art-isticae
1463 3717 1947 3804 professoribus
1982 3716 2289 3808 constitit,
2328 3716 2753 3807 ejusdemque
2787 3716 3151 3785 Facultatis

699 3822 905 3891 diario
959 3834 1367 3911 compertum
1421 3834 1530 3891 est
1596 3846 1748 3891 cum
1814 3825 1945 3890 illis
2013 3826 2401 3914 necessitate
2469 3825 2895 3913 conjunctum
2946 3826 3149 3891 fuisse

698 4126 932 4212 quidem
968 4136 1026 4188 et
1063 4129 1250 4187 levem
1277 4130 1499 4188 edidit·
1536 4128 1913 4209 Tlteoloqz'cqz
1922 4132 2033 4187 Em
2035 4128 2262 4224 pha-sis,
2302 4128 2421 4187 sive
2453 4128 2751 4212 Dialoqus
2786 4151 2965 4209 super
3007 4129 3147 4191 erni

695 4212 908 4269 nentwi
949 4217 1213 4287 quatuor
1239 4212 1553 4268 doctorum
1582 4211 1874 4285 Ecclesiae
1916 4212 2208 4285 Greqorii,
2233 4212 2589 4283 Hieronimi,
2621 4215 2969 4289 Auqustini,
3002 4220 3147 4292 Am·

701 4292 904 4363 brosii,
935 4310 1068 4349 cum
1090 4292 1194 4351 600
1228 4292 1501 4349 versibus.
1537 4290 1699 4349 1496.

806 4374 859 4429 1.
899 4372 1146 4440 Annal..
1173 4372 1222 4437 Ι,
1254 4372 1348 4429 68.

802 4453 858 4511 2.
903 4455 1045 4511 Vita
1073 4453 1360 4511 Iohannis
1388 4452 1682 4510 Aventini.
1713 4452 1780 4521 10
1803 4453 2085 4529 principio
2105 4471 2344 4528 operum
2374 4454 2431 4513 J.
2462 4456 2757 4531 Aventini,
2784 4457 2876 4515 ed.
2880 4459 3150 4534 Grund-

698 4530 1054 4673 Ιίηςέυείὀξὲ-
1032 4534 1153 4590 ·.sol
1185 4534 1612 4606 Lupsiae,1710.

717 4696 728 4773 J
803 4700 858 4754 4.
875 4690 980 4752 Ea
1007 4692 1220 4753 verba
1203 4713 1264 4755 1n
1295 4695 1500 4755 litteris
1527 4697 1750 4772 abipso
1779 4697 2072 4757 Aventino
2098 4716 2185 4757 an.
2209 4701 2363 4782 ‚1517
2396 4684 2867 4787 datisinv'eniaS.
