3564 5588
1501 593 1899 639 -XLI—

570 735 672 799 Ita
697 735 901 821 igitur
926 755 996 800 se
1031 736 1098 800 in
1121 734 1248 801 hoc
1271 735 1458 822 gravi
1495 734 1575 801 de
1611 733 1740 801 fide
1774 735 2149 802 discrimine
2187 735 2723 822 Ingolstadiensis
2750 737 2916 804 Aca·

485 841 701 907 demia
737 843 932 929 gessit
967 867 980 908 :
1011 863 1244 929 parum
1269 843 1500 909 habuit
1521 864 1592 909 se
1617 844 1785 908 nihil
1811 843 2142 930 accepisse
2168 843 2564 923 detrimenti,
2604 854 2667 910 et
2695 854 2923 912 contra

463 949 746 1016 bostem
771 951 1090 1016 acerrime
1124 971 1444 1018 conversa
1467 956 1588 1017 est.
2215 969 2219 973 ·

572 1058 718 1124 Nec
757 1066 977 1123 tamen
1021 1058 1103 1124 ad
1143 1060 1534 1146 religionem
1583 1059 1775 1127 modo
1824 1058 2161 1125 ardentius
2206 1059 2642 1125 excolendam
2686 1064 2944 1127 eventa«

482 1165 607 1230 ista
633 1164 1012 1232 valuerunt.
1043 1165 1260 1240 Quum
1281 1167 1455 1232 enim
1479 1165 1548 1231 in
1569 1166 1732 1232 duas
1755 1176 1975 1252 partes
1998 1165 2384 1232 Academici
2414 1165 2603 1233 divisi
2620 1167 2919 1248 fuissent,

483 1272 554 1339 in
585 1268 822 1337 melius
843 1273 1161 1358 paulatim
1185 1273 1628 1359 professorum
1651 1273 1934 1340 conditio
1951 1274 2291 1338 immutata
2314 1274 2455 1353 fuit,
2486 1294 2635 1348 nec,
2658 1283 2927 1361 propter

485 1379 774 1444 omnium
821 1378 1114 1445 diversas
1153 1382 1636 1468 contentioneS,
1680 1383 1820 1446 sine
1866 1381 2119 1467 magnis
2172 1381 2484 1466 impensis
2524 1382 2927 1468 professores

491 1485 718 1552 eximii
737 1485 1186 1553 invitabantur
1217 1497 1330 1552 aut
1354 1487 1836 1553 retinebantur.
1872 1488 1970 1553 Eo
2007 1487 2182 1552 enim
2226 1486 2313 1553 25
2354 1507 2677 1554 annorum
2716 1489 2926 1575 spatio

489 1593 598 1678 qui
626 1613 862 1660 recens
893 1594 1293 1661 Reformatae
1318 1595 1626 1681 religioni
1653 1595 1939 1680 proximi
1973 1594 2265 1669 fuerunt,
2295 1595 2531 1660 mirum
2567 1596 2635 1661 in
2662 1595 2927 1661 modum

487 1720 596 1768 res
645 1702 918 1767 fuerunt
951 1703 1334 1767 immutatae.
1381 1703 1516 1768 Res
1559 1704 1626 1768 in
1669 1722 1977 1789 magnam
2026 1703 2511 1769 contentionem
2558 1702 2930 1769 Catholicos

455 1809 458 1814 ’
496 1821 560 1876 et
595 1810 1012 1876 Lutheranos
1034 1811 1208 1876 inter
1239 1811 1444 1889 venit,
1471 1815 1547 1876 ut
1579 1810 1661 1876 ad
1696 1830 1766 1875 se
1794 1809 2064 1895 quisque
2093 1810 2497 1896 professores
2530 1811 2928 1897 praestantis-

502 1918 698 1983 simos
743 1916 1272 2003 perduceret(l).
1322 1918 1610 1984 Maxime
1649 1917 2046 2005 Jampridem
2091 1917 2618 2004 praebendarum,
2675 1915 2927 1984 benefi-

492 2026 873 2111 ciorumque
902 2045 1016 2111 spe
1046 2025 1451 2111 professores
1486 2024 1976 2103 detinebantur,
2014 2044 2291 2110 quorum
2327 2023 2743 2091 Academicis
2773 2045 2933 2089 usus

491 2142 978 2198 reservaretur.
1030 2132 1226 2198 Anno
1265 2132 1396 2218 jam
1454 2129 1646 2211 1477,
1695 2125 1883 2198 bulla
1930 2133 2114 2218 Papa
2158 2132 2379 2198 Sixtus
2426 2131 2930 2218 praebendarum

491 2239 747 2306 reditus
781 2261 891 2327 Jus
945 2239 1376 2326 percipiendi,
1428 2239 1540 2305 vel
1569 2238 1993 2318 absentibuS,
2044 2239 2523 2326 professoribus
2578 2239 2926 2317 concessit,

495 2373 530 2407 ‹
579 2346 931 2413 dummodo
973 2346 1096 2412 sibi
1141 2347 1426 2412 vicarios
1473 2347 1966 2412 constituerent.
1998 2371 2033 2405 >
2069 2345 2198 2412 Ubi
2248 2346 2779 2416 Lutheranorum
2826 2365 2932 2410 res

488 2453 942 2540 profecerunt,
970 2452 1330 2520 istiusmodi
1358 2452 1913 2518 condonationum
1935 2472 2251 2518 numerus
2276 2453 2508 2519 crevit.

585 2586 630 2621 ‹·
669 2559 866 2626 Anno
897 2559 1088 2639 1523,
1120 2559 1574 2646 Incorporatio
1612 2568 1891 2644 quatuor
1922 2560 2310 2646 pensionum
2336 2579 2423 2625 ex
2447 2557 2715 2678 totidem
2740 2576 2934 2645 paro·

496 2666 824 2732 chialibus
846 2666 1164 2732 Ecclesiis
1191 2685 1310 2752 pro
1338 2664 1549 2732 studio
1582 2664 2111 2752 Ingolstadiensi.

595 2800 629 2834 ‹
686 2773 879 2853 1523,
903 2773 1104 2841 Bulla
1118 2772 1514 2860 pontificalis
1543 2793 1662 2861 pro
1691 2771 2193 2861 incorporandis
2215 2773 2640 2841 Universitati
2665 2771 2937 2840 decimis

495 2883 564 2947 in
594 2882 990 2969 Zuchering.

601 3016 634 3051 ‹
690 2990 884 3070 1523,
929 2991 1132 3057 Bulla
1163 3010 1360 3078 super
1379 2992 1490 3079 jus
1523 2988 1905 3079 patronatus
1942 2990 2009 3056 in
2052 2990 2221 3055 Parr
2246 2991 2532 3078 collegio
2562 2988 2936 3076 Georgiano

499 3118 817 3171 concessa
839 3098 950 3185 (2).
988 3125 1023 3160 ›

589 3207 686 3272 Eo
732 3209 829 3272 tot
871 3204 1196 3271 beneficia
1241 3206 1660 3292 pertinebant
1697 3211 1772 3271 ut
1812 3232 1847 3267 ‹
1883 3215 2423 3273 remuneraretur
2450 3205 2763 3271 videlicet
2790 3204 2933 3269 exi-

502 3339 536 3373 <
589 3314 758 3378 mius
800 3311 1258 3378 Universitatis
1299 3312 1367 3377 in
1409 3312 1661 3378 tuenda
1697 3314 1873 3379 avita
1906 3311 2035 3379 fide
2068 3314 2293 3379 fervor
2342 3339 2377 3373 »
2419 3332 2568 3392 nec,
2606 3312 2732 3377 nisi
2764 3330 2933 3398 prae·

499 3420 690 3505 cipue
723 3439 763 3485 a
797 3420 978 3485 Duce
1023 3410 1324 3484 Bavariae
1363 3416 1746 3506 efflagitata,
1784 3420 2058 3486 fuerunt
2090 3418 2487 3486 condanata.

586 3526 918 3591 Paulatim
952 3526 1434 3592 ordinariorum
1453 3527 1896 3613 professorum
1921 3548 2235 3593 numerus
2260 3526 2578 3594 adauctus
2604 3534 2733 3611 est3
2765 3544 2939 3592 anno

497 3634 780 3720 primum
812 3632 982 3700 1526
1017 3634 1167 3699 Dux
1195 3634 1592 3700 Guillelmus
1621 3634 1708 3700 ad
1734 3636 2083 3701 Rectorem
2116 3635 2559 3720 Senatumque
2588 3632 2943 3700 Academi-

500 3762 650 3806 cum
711 3742 966 3807 litteras
1018 3742 1225 3821 misit,
1289 3742 1524 3828 quibus
1577 3740 2004 3829 efflagitaret,
2076 3768 2109 3803 α
2164 3752 2237 3807 ut
2290 3740 2617 3829 magistris
2680 3732 2980 3807 Artium‘
3059 3739 3064 3744 ’

502 3874 537 3907 α
591 3849 823 3915 eadem
885 3851 1142 3916 ratione
1174 3851 1323 3935 *qua
1356 3850 1612 3915 caeteris
1651 3849 2154 3936 professoribuS,
2187 3870 2279 3915 ex
2302 3851 2569 3916 camera
2596 3848 2939 3915 Universi-

504 3982 539 4015 α
595 3957 772 4035 tatis,
828 3959 1055 4045 pensio
1111 3977 1334 4023 annua
1379 3957 1772 4035 solveretur,
1823 3966 1894 4021 ut
1937 3966 2001 4022 et
2051 3958 2174 4044 ipsi
2230 3954 2540 4043 deinceps
2592 3956 2821 4042 gratiS,
2880 3963 2942 4019 et

503 4090 536 4123 ‹
589 4064 833 4149 absque
897 4064 1037 4130 ullo
1094 4064 1174 4129 ab
1233 4063 1642 4130 auditoribus
1701 4063 1984 4131 collecto
2038 4063 2361 4151 stipendio
2410 4084 2563 4129 suas
2623 4062 2942 4128 lectiones

505 4198 540 4233 ‹
587 4171 836 4237 habere
870 4181 1134 4258 possent
1155 4170 1265 4259 (3).
1297 4171 1456 4236 »Ab
1486 4171 1891 4238 Academico
1916 4176 2148 4237 senatu
2172 4170 2259 4238 70
2279 4171 2587 4237 Rhenani
2611 4168 2846 4236 floreni
2873 4169 2939 4232 in

501 4278 806 4366 stipendii
859 4278 1124 4346 modum
1175 4279 1490 4365 magistro
1545 4279 1782 4363 cuique
1830 4280 2163 4345 constituti
2220 4288 2391 4345 sunt.
2446 4277 2757 4343 Attamen
2807 4294 2941 4340 non

606 4566 655 4621 1.
700 4562 974 4633 MeinerS,
1004 4562 1052 4630 Ι,
1087 4564 1188 4620 196
1217 4567 1275 4619 et
1302 4579 1426 4635 seq.

601 4644 658 4701 2.
697 4643 979 4715 Απηαίεε,
1023 4644 1129 4711 IV,
1163 4644 1265 4701 109
1293 4650 1350 4700 et
1378 4661 1502 4717 seq.

604 4726 657 4786 3.
698 4724 980 4796 Mederer,
1005 4724 1054 4792 1,
1086 4724 1206 4781 130.
