3564 5588
1490 587 1572 598 -··
1622 569 1848 615 XLVII
1896 587 1979 596 -

506 704 940 772 Academiam
969 711 1131 774 tunc
1176 708 1378 774 fuisse
1415 711 1643 777 missos
1670 731 1797 796 quo
1831 711 2097 776 facilius
2130 712 2243 775 6οΖ
2253 710 2521 795 leyium
2567 711 2957 798 Ingolstadii
3022 749 3027 754 ·

506 824 726 900 posset
748 815 1126 880 instaurari.
1168 815 1383 890 Quum
1417 818 1700 903 primum
1738 817 2037 884 docendo
2067 817 2190 883 sibi
2219 818 2517 884 favorem
2548 818 2956 884 audientium

509 919 808 989 Canisius
863 932 928 988 et
981 923 1279 990 Salmero
1345 925 1832 1004 conciliassent,
1899 947 2041 992 rem
2096 926 2603 992 secretissimam
2662 929 2955 992 tractare

507 1028 544 1093 J
552 1029 692 1094 aius
753 1029 1019 1115 incaepit
1057 1055 1072 1096 z
1106 1068 1112 1073 -
1151 1031 1323 1116 quod
1386 1033 1752 1120 Theologia
1806 1034 2065 1120 jaceret
2130 1033 2576 1119 querebantur
2636 1034 2949 1120 episcopi,

506 1135 810 1221 quodque
863 1137 932 1202 in
991 1136 1130 1202 dies
1179 1139 1394 1206 minor
1452 1140 1869 1206 sacerdotum
1920 1160 2239 1206 numerus
2288 1140 2623 1220 evaderet,
2682 1141 2956 1207 illorum

503 1245 870 1330 praesertim
908 1245 1230 1330 aquibus
1274 1249 1541 1334 egregie
1595 1253 1833 1314 contra
1872 1249 2290 1314 Lutheranos
2336 1248 2657 1335 disputari
2706 1252 2950 1336 posset.

507 1350 785 1429 Callide,
843 1371 970 1418 nec
1017 1353 1366 1432 immerito,
1413 1353 1864 1421 admonebant
1910 1356 2255 1422 Societatis
2296 1357 2631 1442 principes
2670 1355 2954 1441 nequid-

505 1478 700 1544 quam
752 1459 1084 1525 elaborari
1129 1465 1204 1525 ut
1247 1462 1612 1548 Theologia
1654 1462 1736 1528 de
1772 1462 2030 1550 integro
2077 1465 2352 1551 vigeret,
2396 1463 2521 1529 nisi
2557 1464 2839 1550 primum
2872 1461 2955 1528 ad

502 1564 974 1656 Philosophica
1027 1567 1246 1633 studia
1303 1568 1646 1656 diligentia
1710 1590 1943 1655 rursus
1993 1569 2420 1636 adhiberetur
2471 1569 2587 1659 (1).
2650 1570 2958 1636 Plurima

506 1676 728 1737 autem
764 1673 940 1760 apud
977 1675 1056 1740 L.
1111 1675 1395 1741 Eckium
1436 1676 1473 1741 J
1480 1677 1565 1741 aii
1611 1677 1738 1742 fuit
1781 1678 2201 1744 concursatio
2250 1682 2317 1743 et
2366 1678 2704 1744 contentio
2737 1702 2751 1742 ε
2808 1703 2844 1738 ‹
2876 1679 2957 1743 ea

509 1805 544 1840 ‹
591 1781 1001 1866 potissimum
1041 1803 1154 1869 spe
1183 1786 1252 1848 et
1303 1785 1600 1863 consilio,
1645 1783 1987 1851 Pontificis
2021 1789 2089 1850 et
2116 1785 2355 1873 Ignatii
2379 1786 2604 1864 missu,
2642 1786 2857 1851 Roma
2886 1805 2954 1850 se

503 1889 764 1954 venisse
795 1913 831 1949 >
875 1889 1250 1977 Jactitabat,
1289 1892 1664 1978 optimeque
1688 1893 1760 1958 in
1794 1881 2085 1979 collegio
2116 1893 2393 1958 Patrum
2422 1892 2783 1979 discipulos
2806 1893 2950 1960 fore

503 1995 954 2063 informandos
980 1998 1090 2082 qui
1123 1999 1545 2065 Universitati
1569 2001 1932 2086 plurimum
1955 2004 2185 2087 postea
2214 2001 2621 2068 conferrent.

589 2103 825 2184 Eckio,
851 2105 994 2193 jam
1033 2109 1227 2170 aetate
1259 2113 1597 2192 provecto,
1641 2107 1841 2173 facile
1873 2127 2017 2173 rem
2052 2108 2090 2172 J
2096 2108 2241 2172 aius
2273 2109 2621 2194 persuasit,
2650 2106 2951 2174 'Guillel-

503 2229 777 2296 musque
810 2213 879 2276 in
913 2233 991 2278 eo
1033 2222 1176 2278 erat
1209 2222 1281 2279 ut
1317 2214 1686 2301 Collegium
1716 2215 2139 2281 instauraret.
2182 2215 2315 2281 Sub
2357 2215 2536 2281 idem
2566 2225 2784 2282 autem
2810 2216 2953 2282 fere

502 2326 757 2404 tempus
789 2320 1038 2386 Eckius
1085 2321 1614 2407 Guillelmusque
1670 2325 1912 2390 mortui
1958 2333 2111 2389 sunt
2155 2320 2267 2410 (2).
2326 2323 2666 2402 AlbertuS,
2725 2324 2837 2409 qui
2885 2324 2955 2388 in

503 2425 849 2493 Guillelmi
877 2429 1102 2495 locum
1136 2431 1476 2509 successit,
1512 2428 1602 2498 22
1627 2451 1840 2498 annos
1870 2441 2085 2510 natus,
2118 2451 2252 2497 non
2282 2431 2337 2496 is
2364 2435 2511 2497 erat
2532 2432 2643 2516 qui
2674 2431 2951 2497 inchoa—

501 2538 642 2601 tum
679 2557 721 2602 a
745 2546 932 2624 patre
970 2559 1132 2624 opus
1165 2538 1526 2604 desereret.
1579 2539 1795 2614 Quum
1832 2543 2058 2604 tamen
2110 2540 2179 2604 in
2216 2540 2715 2605 instantioribus
2756 2539 2955 2605 rebus

499 2647 662 2710 tunc
701 2645 853 2710 Dux
903 2651 1308 2726 versaretur,
1365 2667 1450 2712 ex
1475 2659 1478 2662 ’
1499 2647 1909 2734 Ingolstadio
1959 2648 1996 2713 J
2002 2648 2142 2713 aius
2180 2647 2474 2713 discessit
2500 2646 2613 2733 (3).
2661 2647 2957 2712 Canisius

499 2751 726 2838 igitur,
760 2753 1058 2839 profecto
1083 2755 1120 2820 J
1126 2755 1252 2834 ai0,
1290 2755 1523 2843 vigens
1547 2763 1736 2821 aetate
1763 2751 1880 2844 (4),
1922 2756 2289 2842 mirumque
2324 2757 2393 2821 in
2430 2754 2697 2822 modum
2730 2754 2814 2821 ad
2848 2774 2954 2820 res

503 2858 1052 2927 administrandas
1076 2862 1340 2941 habilis,
1373 2864 1733 2949 plurimum
1771 2864 1897 2928 sibi
1923 2864 2331 2931 auctoritatis
2363 2864 2789 2949 comparavit.

587 2968 943 3035 Notatione
971 2969 1244 3056 dignum
1283 2974 1384 3036 est
1408 2971 1580 3055 quod
1612 2970 1693 3036 de
1736 2970 1939 3037 rebus
1988 2971 2070 3037 ad
2116 2970 2514 3037 Societatem
2545 2972 2582 3036 J
2588 2991 2704 3035 esu
2740 2971 2949 3058 perti-

501 3074 808 3141 uentibus
865 3061 1218 3143 Rotmarus
1271 3082 1338 3143 et
1383 3077 1694 3144 Mederus
1752 3079 1939 3164 quasi
1992 3079 2296 3145 consulto
2353 3079 2612 3143 sileant.
2683 3074 2954 3143 Constat

499 3189 743 3262 tamen,
796 3184 1154 3271 incipiente
1193 3205 1365 3252 anno
1419 3184 1612 3264 1550,
1659 3186 1727 3251 S.
1769 3185 2142 3251 Catharinae
2186 3185 2532 3264 sacellum,
2590 3186 2658 3250 in
2705 3185 2951 3251 vicinia

498 3289 641 3375 ipsa
667 3291 1048 3357 Academiae
1075 3293 1385 3359 Patribus
1419 3293 1486 3359 S.
1535 3295 1597 3359 J.
1651 3291 1737 3359 ad
1769 3291 1988 3359 officia
2015 3291 2420 3359 celebranda
2449 3292 2651 3357 fuisse
2678 3312 2951 3358 conces-

495 3416 662 3462 sum.
684 3398 902 3473 Quum
919 3409 1136 3466 autem
1159 3400 1225 3465 id
1249 3401 1573 3467 sacellum
1601 3400 1683 3467 ad
1709 3401 2127 3467 Facultatem
2150 3400 2535 3465 Artisticam
2554 3400 2945 3486 pertineret,

490 3505 632 3591 jam
683 3526 835 3572 cum
887 3508 1236 3574 Facultate
1287 3508 1622 3587 Artistica,
1681 3510 1975 3575 omnium
2033 3508 2294 3574 scilicet
2344 3508 2839 3593 spectatissima,
2884 3511 2953 3573 et

501 3616 694 3679 extra
716 3612 1170 3695 Academiam,
1201 3617 1590 3683 auctoritate
1616 3605 2026 3703 gravissima,
2054 3616 2287 3681 Patres
2317 3614 2945 3705 congrediebantur,

606 3893 652 3955 1.
701 3922 728 3951 α
760 3899 956 3967 Quum
992 3900 1053 3957 in
1101 3900 1418 3958 Academia
1447 3900 1543 3957 vix
1589 3902 1704 3958 ulla
1745 3906 2099 3973 ponerentur
2136 3897 2527 3973 Philosophiae
2552 3894 2949 3969 fundamenta,

496 3979 652 4049 quod
681 3981 798 4035 fere
828 3983 1100 4039 deessent
1131 3984 1380 4055 hujusce
1415 3982 1734 4054 disciplinae
1765 3982 1909 4039 satis
1945 3982 2118 4053 gnavi
2144 3982 2513 4054 interpreteS,
2546 3998 2732 4059 eoque
2758 3980 2948 4037 Theo-

495 4060 699 4131 logicae
729 4062 1026 4135 sapientiae
1052 4064 1299 4119 multum
1329 4062 1631 4119 decederet
1661 4064 1982 4133 adJumenti
2014 4080 2063 4119 n.
2098 4060 2461 4117 Adlzreitter.
2498 4060 2565 4117 P.
2606 4060 2679 4133 11,
2729 4079 2789 4133 p.
2816 4057 2943 4121 265.

602 4142 656 4197 2.
695 4141 830 4198 Jam
877 4146 1155 4199 acerrime
1201 4145 1272 4199 de
1311 4162 1374 4200 re
1421 4149 1615 4200 actum
1661 4152 1800 4199 erat.
1854 4142 2006 4199 Duci
2047 4142 2314 4199 Pontifex
2344 4141 2635 4198 Maximus
2666 4142 2949 4199 decimam

496 4228 714 4293 partem
747 4221 1035 4281 redituum
1065 4225 1137 4280 ad
1164 4224 1485 4281 Ecclesiam
1510 4226 1570 4280 in
1599 4224 1843 4279 Bavaria
1861 4224 2273 4297 pertinentium
2298 4228 2689 4290 concesserat,
2728 4230 2791 4279 ut
2820 4239 2947 4279 res-

496 4302 724 4358 titutam
755 4304 816 4359 in
844 4305 1054 4360 melius
1081 4304 1462 4361 Academiam
1499 4304 1956 4377 ad‘unctumque
1983 4304 2318 4360 Academiae
2341 4304 2651 4375 collegium
2679 4305 2943 4359 sustine-

496 4389 601 4438 ret.
633 4374 750 4439 An.
786 4384 943 4457 1549,
974 4385 1174 4451 20,000
1189 4385 1391 4442 floren.
1421 4386 1514 4441 ab.
1587 4387 1715 4442 ckio
1738 4402 1839 4457 pro
1866 4386 2093 4441 decima
2122 4384 2215 4440 illa
2242 4389 2405 4457 parte
2422 4384 2649 4439 fuerant
2677 4384 2946 4441 60116616.

506 4460 851 4521 Guillelmus
879 4466 930 4521 d.
969 4466 1002 4523 6
1032 4473 1192 4523 mart.
1204 4498 1219 4539 5
1255 4467 1321 4522 L.
1353 4466 1588 4533 EckiuS‚
1623 4466 1678 4521 d.
1712 4466 1802 4522 17.
1830 4466 2035 4521 Mense
2056 4465 2258 4521 eodem
2281 4464 2553 4521 decessit.

605 4544 651 4600 3.
696 4532 865 4601 Jaius
893 4539 1067 4621 etiam
1096 4548 1206 4615 die,
1230 4548 1418 4619 prima
1438 4546 1696 4617 Augusti
1735 4546 2078 4619 Iogolstadii
2107 4546 2465 4602 versabatur.
2500 4544 2705 4602 Exstat
2732 4534 2945 4617 Ignatii
3016 4540 3020 4544 ’

500 4641 534 4680 6
559 4622 777 4699 L'oyola
805 4628 875 4683 ad
901 4626 1096 4683 Jaium
1127 4628 1388 4701 epistola,
1415 4627 1837 4699 Ingolstadium
1870 4626 2069 4695 missa,
2098 4626 2303 4682 eodem
2324 4626 2415 4681 die
2445 4626 2597 4682 data.

609 4706 659 4764 4.
701 4706 972 4765 Canisius
993 4724 1177 4764 annos
1206 4713 1345 4764 tunc
1374 4713 1544 4764 natus
1580 4713 1704 4766 erat
1730 4706 1935 4777 viginti
1962 4724 2186 4763 novem.
