3564 5588
1515 613 1598 626 --
1643 591 1841 640 LXIX
1889 609 1971 622 ·-

521 736 776 805 cietatis
799 735 1082 802 fortunae
1108 735 1539 803 consuluisse.
1575 735 1738 802 Haec
1772 732 1968 802 modo
2002 733 2213 802 verba
2250 732 2508 800 Mederi
2539 732 2954 820 accepimus:

525 868 562 906 c
593 844 815 930 gravis
847 861 1011 910 sane
1045 843 1247 930 culpa
1271 844 1342 908 in
1367 843 1807 910 Universitate
1830 841 2077 921 nostra,
2108 861 2226 907 seu
2250 841 2319 906 in
2345 839 2812 927 philosophica
2836 860 2959 926 po-

525 975 562 1013 «
593 951 721 1016 tius
751 950 1099 1017 Facultate
1132 960 1284 1017 acta
1311 959 1409 1017 est
1433 949 1547 1038 (1).
1580 975 1618 1011 »
1653 949 1983 1037 Perplexe
2010 948 2135 1036 ipsi
2170 967 2207 1013 e
2250 945 2575 1014 Societate
2610 947 2962 1034 scriptores

517 1078 661 1125 rem
695 1057 1111 1125 tradiderunt
1141 1083 1158 1124 z
1185 1057 1374 1146 'apud
1405 1057 1793 1146 Agricolam
1827 1057 1942 1124 vix
1969 1056 2114 1123 haec
2144 1055 2354 1122 verba
2380 1053 2790 1121 invenimus:
2828 1079 2864 1116 α
2890 1055 2961 1120 in

522 1190 558 1227 ‹
589 1164 954 1234 Academia
997 1186 1083 1232 ex
1127 1165 1423 1254 ejusdem
1460 1165 1793 1250 Principis
1832 1163 2172 1230 voluntate
2212 1163 2338 1228 soli
2383 1162 2589 1229 nostri
2635 1161 2962 1228 mathesin

524 1297 561 1334 α
593 1270 1140 1359 dialecticamque
1165 1271 1429 1365 tradere
1463 1281 1830 1360 coeperunt.
1870 1271 2011 1340 Soli
2051 1269 2259 1337 nostri
2295 1269 2621 1337 Artisticae
2652 1288 2772 1336 seu
2795 1269 2957 1336 Phi-

522 1404 559 1441 «
592 1379 948 1470 Iosophicae
976 1380 1338 1448 Facultatis
1364 1379 1993 1446 administrationem
2026 1386 2459 1466 susceperunt
2482 1375 2729 1464 absque
2754 1395 2959 1444 onere

521 1511 557 1550 α
591 1487 838 1573 absque
867 1485 1378 1576 obligationibus
1403 1485 1518 1575 (2).
1551 1511 1588 1548 >
2492 1539 2499 1548 .

605 1594 769 1663 Inde
793 1594 938 1662 fere
955 1603 1160 1661 totam
1185 1593 1614 1662 Academiam
1636 1595 2083 1681 occuparunt:
2110 1593 2243 1660 imo
2270 1601 2473 1660 totam
2491 1591 2649 1680 jure
2676 1591 2956 1676 dixeris;

489 1748 493 1752 -
513 1723 908 1790 quamquam
933 1701 1356 1769 solertissime
1381 1701 1647 1789 quidem
1682 1726 1718 1763 α
1745 1712 2002 1789 tempus
2020 1699 2217 1778 modo
2242 1699 2481 1798 adhoc
2505 1700 2664 1788 ipsis
2686 1719 2960 1766 conces-

519 1836 556 1873 «
591 1831 736 1898 sum
772 1827 916 1881 esse
949 1809 1322 1877 dictitarent
1351 1820 1424 1877 ut
1459 1811 1795 1898 specimen
1839 1811 2026 1895 quasi
2064 1808 2299 1875 darent
2333 1817 2397 1874 et
2434 1807 2959 1895 experimentum

519 1943 555 1982 α
591 1938 725 1984 suae
753 1917 1176 2005 professionis
1214 1917 1326 2005 (3).
1368 1943 1404 1978 ›
1441 1919 1604 1984 Tres
1637 1937 1847 1984 annos
1894 1917 2416 2004 experimentum
2450 1914 2658 1994 illud,
2705 1914 2789 2008 de
2828 1935 2958 2001 quo

513 2047 708 2116 quem
745 2035 1056 2092 eventum
1100 2024 1428 2116 obtineret
1463 2026 1631 2092 nihil
1673 2019 1845 2092 esset
1884 2023 2191 2103 dubium,
2236 2022 2719 2111 produxerunt.
2760 2021 2958 2090 Anno

511 2143 764 2202 tantum
799 2131 971 2202 1588
991 2132 1120 2200 soli
1155 2133 1227 2199 in
1252 2122 1644 2221 perpetuu⁸1n
1671 2131 2039 2200 Academia
2067 2140 2587 2220 occupaverunt.

599 2241 746 2309 Hoc
781 2239 1040 2308 scilicet
1057 2241 1372 2329 temporis
1399 2240 1780 2319 intervallo,
1809 2239 1990 2307 haud
2012 2238 2435 2309 mediocriter
2466 2258 2553 2304 ex
2584 2258 2707 2306 usu
2736 2238 2775 2305 J
2778 2237 2956 2305 esui-

513 2360 727 2417 tarum
749 2348 972 2416 evenit
999 2356 1074 2414 ut
1109 2357 1244 2414 tres
1279 2347 1481 2416 Ducis
1511 2346 1877 2414 Guilhelmi
1912 2346 2034 2414 filii
2064 2345 2458 2434 Ingolstadii
2487 2344 2950 2414 edocerentur.

509 2458 630 2525 Die
659 2456 942 2542 denique
961 2454 1048 2524 27
1072 2456 1112 2522 J
1117 2456 1375 2522 anuarii
1401 2456 1666 2535 mensiS‚
1697 2473 1870 2522 anno
1900 2453 2093 2534 1588,
2124 2455 2275 2520 Dux
2296 2451 2717 2520 Guilhelmus
2745 2452 2953 2540 privi-

509 2565 765 2652 legium
809 2564 1257 2652 promulgavit
1299 2584 1338 2630 a
1373 2584 1502 2650 quo
1539 2589 1574 2624 ‹
1614 2559 2163 2649 quemadmodum
2197 2583 2235 2628 e
2272 2561 2617 2628 Facultate
2645 2559 2959 2628 Artistica

514 2696 550 2733 ‹
587 2672 967 2741 Facultates
1011 2692 1239 2740 omnes
1277 2671 1675 2758 principium
1712 2667 2058 2750 ducerent,
2091 2696 2127 2731 »
2164 2669 2613 2736 necessarium
2637 2668 2956 2756 imprimis

509 2776 651 2847 esse
687 2779 1108 2869 profiteretur
1147 2806 1182 2841 α
1220 2780 1634 2847 Facultatem
1670 2779 2050 2846 Artisticam
2094 2775 2267 2845 bene
2305 2776 2613 2865 componi
2644 2785 2709 2843 et
2740 2775 2952 2843 infor-

422 2931 430 2941 .
513 2912 549 2949 ‹
589 2888 754 2953 mari
790 2888 1076 2972 debere3
1107 2889 1249 2977 jam
1285 2897 1468 2966 tunc,
1507 2896 1573 2953 et
1608 2888 1678 2952 in
1710 2894 2123 2974 perpetuum,
2168 2894 2343 2951 artes
2372 2893 2438 2949 et
2474 2884 2955 2970 Philosophicae

514 3018 550 3057 α
588 2994 910 3062 lectiones
951 2998 1022 3060 in
1063 2994 1302 3060 litteris
1347 2993 1851 3060 humanioribus
1889 3002 2023 3059 tam
2062 2990 2313 3059 Graecis
2354 3010 2565 3077 quam,
2593 2988 2848 3057 Latinis
2888 2998 2955 3057 et

512 3127 549 3164 α
579 3098 960 3169 'Rhetoricis
1013 3101 1586 3188 Philosophisque‚
1637 3101 1907 3180 Ethica,
1978 3098 2479 3177 Mathematica‚
2541 3117 2580 3164 e
2626 3095 2952 3164 Societate

509 3234 548 3272 ι
585 3209 894 3277 Patribus
928 3208 1071 3276 fore
1108 3208 1600 3289 committenda,
1639 3217 1713 3274 ut
1745 3206 2110 3275 secundum
2143 3204 2427 3272 Instituti
2468 3204 2655 3271 illius
2692 3204 2953 3291 sapien-

511 3341 550 3379 «
592 3318 751 3393 tiam
787 3326 851 3383 et
883 3316 1018 3383 vim
1044 3316 1490 3405 dirigerentur
1513 3315 1626 3403 (4).
1671 3340 1708 3377 >
2216 3305 2221 3312 ’
2564 3302 2570 3313 “

594 3423 806 3491 Editis
830 3424 1194 3490 istiusmodi
1221 3421 1544 3489 mandatis
1565 3422 1744 3489 haud
1771 3422 1917 3489 fieri
1942 3430 2198 3509 poterat
2218 3422 2375 3507 quin
2399 3420 2801 3507 professores
2823 3419 2953 3485 Pa-

507 3529 716 3599 tribus
743 3539 987 3618 ‘aperte
1034 3513 1586 3615 adversarentur3
1633 3532 1764 3597 imo
1803 3528 2201 3618 jampridem
2250 3528 2725 3595 intellexerant
2765 3528 2951 3593 sein

443 3668 448 3681 ·
508 3640 765 3705 irritum
801 3648 1034 3705 contra
1069 3639 1214 3705 fore
1257 3648 1762 3727 repugnaturOS,
1804 3647 1869 3704 et
1902 3658 2045 3705 sese
2079 3637 2397 3726 paulatim
2436 3634 2521 3701 ad
2556 3654 2764 3701 novas
2796 3634 2953 3701 illas

506 3754 728 3834 partes
761 3755 952 3813 erant
976 3746 1391 3833 transgressi.
1429 3746 1549 3812 His
1582 3747 1757 3812 enim
1798 3745 2022 3812 verbis
2048 3766 2211 3811 usus·
2239 3752 2337 3811 est
2359 3742 2720 3831 Agricola:
2754 3766 2791 3803 α
2822 3742 2948 3809 mi-

511 3877 548 3914 «
586 3854 766 3921 nime
807 3854 1068 3941 ingrato
1106 3854 1302 3919 etiam
1345 3855 1599 3920 caeteris
1637 3850 2015 3922 Academiae
2050 3851 2345 3941 patribus
2380 3848 2729 3931 beneflciO,
2760 3886 2846 3900 —
2877 3860 2951 3919 ut

511 3984 547 4023 α
587 3962 762 4029 inter
797 3981 960 4047 quos
983 3958 1058 4051 etJ
1107 3961 1322 4029 socios
1365 3980 1608 4049 magna
1651 3970 1812 4030 tunc
1854 3970 2045 4028 erant
2085 3954 2454 4031 animorum
2488 3980 2847 4032 consensus
2888 3969 2953 4027 et

510 4093 546 4130 ‹
587 4069 902 4138 amicitia.
947 4060 986 4130 ›'
1494 4152 1497 4155 -

595 4176 633 4241 J
638 4196 743 4241 am
771 4176 925 4243 inde
947 4177 1229 4263 simplex
1259 4187 1323 4243 et
1352 4169 1750 4262 tranquillus
1775 4176 2398 4265 Ingolstadiensium
2423 4179 2764 4246 annalium
2786 4177 2945 4244 ordo
3021 4226 3027 4231 -

616 4403 664 4457 1.
706 4400 952 4471 Amal„
985 4400 1063 4467 11,
1092 4401 1214 4457 101.

608 4480 666 4537 2.
705 4480 1016 4555 Aqrieola.
1043 4479 1092 4549 Ι,
1123 4480 1253 4538 289.

611 4562 664 4617 3.
704 4560 955 4627 Annal„
976 4560 1054 4631 ΙΙ,
1088 4562 1212 4617 101.

503 4718 590 4777 IV
613 4640 1116 4780 ἂὲδιᾶνίυἰίερίωη,
1173 4641 1318 4698 oder
1360 4641 1566 4717 Befehl
1588 4714 1592 4719 ³
1613 4660 1696 4702 απ
1743 4644 1837 4702 die
1886 4643 2258 4732 Universitdt
2306 4644 2647 4719 Ingolstatt.
2695 4646 2943 4714 Amal..

595 4764 610 4793 ,
766 4761 780 4780 .
