3564 5588
757 695 859 760 Ita
891 695 1266 778 Aristotelis
1300 695 1608 781 operibus
1652 705 1718 760 et
1761 696 2191 782 philosophiae
2232 695 2597 762 scolasticae
2637 684 2930 764 maxima
2971 699 3108 765 lec-

667 801 916 866 tionum
946 821 1098 886 pars
1127 801 1576 884 tribuebatur3
1623 821 1750 867 nec
1798 803 2125 870 immerito
2158 803 2229 866 in
2266 803 2547 888 speciali
2591 805 2929 889 utriusque
2962 807 3111 872 Viae

667 907 890 992 sigillo
947 927 1294 976 commune
1347 907 1416 972 id
1471 909 1733 993 signum
1781 909 2085 974 incusum
2134 917 2322 974 erat:
2361 934 2396 969 ‹
2438 911 2699 996 Ymago
2744 911 3110 977 Aristotelis

582 1015 588 1022 ’
670 1033 816 1096 quae
853 1014 922 1079 in
956 1031 1158 1080 manu
1191 1014 1428 1079 dextra
1465 1034 1652 1080 arma
1683 1013 1919 1079 domus
1948 1016 2270 1093 Bavariae,
2324 1036 2405 1081 ac
2444 1016 2515 1080 i·n
2563 1018 2827 1082 sinistra
2866 1017 3110 1084 librum

669 1129 967 1204 apertum
1000 1129 1253 1186 teneret
1285 1146 1320 1180 ›
1359 1118 1468 1205 (1).
1511 1120 1804 1185 Minima
1838 1119 2183 1207 diligentia
2224 1122 2599 1188 Rhetoricae
2646 1119 3103 1200 adhibebatur,

666 1244 792 1292 nec
825 1226 1114 1292 Poeticae
1139 1236 1254 1292 aut
1287 1227 1590 1292 Historiae
1620 1226 1811 1293 locus
1838 1236 2001 1292 erat.
2712 1314 2718 1321 ·
3026 1281 3032 1287 .

762 1333 862 1396 Ea
896 1332 1096 1418 igitur
1121 1343 1530 1418 tempestate,
1562 1332 1835 1398 traditos
1872 1353 1915 1398 a
1948 1333 2159 1399 medii·
2184 1336 2307 1399 aevi
2346 1335 2721 1402 doctoribus
2748 1356 2967 1402 mores
2996 1337 3109 1401 In-

667 1442 972 1531 golstadii
994 1441 1281 1527 viguisse
1307 1449 1594 1523 constat3
1617 1460 1777 1534 nec,
1802 1441 1857 1506 si
1884 1441 2027 1524 quis
2050 1440 2133 1504 ad
2154 1440 2477 1506 librorum
2504 1431 2855 1520 delectum,
2872 1443 3109 1509 lectio-

665 1566 826 1617 num
859 1568 1210 1615 numerum
1249 1548 1575 1631 solutique
1611 1547 1917 1633 stipendii
1957 1567 2277 1613 summam
2312 1558 2589 1634 spectat,
2634 1551 2805 1614 inter
2834 1551 3115 1616 Viennae

667 1667 928 1736 statuta,
959 1675 1134 1721 anno
1168 1653 1336 1720 1389
1365 1653 1696 1740 disposita,
1737 1664 1802 1720 et
1843 1663 2085 1720 statuta
2121 1651 2677 1742 Ingolstadien'sia
2726 1657 3115 1722 discriminis

669 1764 1024 1850 quidquam
1051 1743 1366 1840 inveniet.
1399 1761 1540 1827 Imo
1575 1763 1771 1826 etiam
1802 1763 1859 1826 si
1882 1763 2027 1846 quis
2056 1762 2419 1828 studiorum
2457 1765 2778 1829 rationem
2802 1784 2947 1848 quae
2978 1765 3111 1829 Pa-

667 1871 864 1950 risiiS,
913 1871 1190 1936 durante
1235 1875 1387 1934 x111⁰
1435 1870 1689 1947 seculo,
1747 1869 2041 1956 vigebat,
2104 1871 2419 1948 intuetur,
2473 1891 2617 1935 rem
2664 1890 2857 1956 poene
2906 1871 3115 1936 nihilo
3156 1856 3160 1859 ⁵

657 1981 1073 2056 ,immutatam
1111 1977 1522 2062 comperiet.'
1557 1976 1742 2041 Libri
1777 1975 1977 2041 iidem
2013 1978 2081 2041 in
2119 1963 2373 2043 honore
2406 1987 2558 2042 sunt
2588 2002 2603 2042 ε
2640 1979 2911 2064 Topica,
2951 1979 3113 2042 Ele-

666 2086 897 2162 nchOS,
945 2084 1209 2161 Ethica,
1274 2083 1576 2169 Physica·
1609 2084 2017 2162 AristoteliS,
2077 2083 2566 2170 Metaphysica‚
2618 2085 2791 2150 liber
2840 2086 2995 2152 coeli
3054 2083 3119 2150 et

666 2191 916 2270 mundi,
938 2191 1045 2256 de
1068 2191 1524 2277 generatione,
1559 2190 1658 2255 'de
1691 2192 1921 2276 *causis
1926 2241 2093 2257 ......
2126 2201 2233 2258 etc
2240 2241 2376 2258 .....
2416 2192 2589 2266 Quid
2622 2194 2885 2272 mirum,
2916 2211 3115 2279 quum

665 2309 798 2364 tres
827 2299 962 2363 illae
993 2296 1379 2363 Academiae
1407 2317 1494 2362 ex
1524 2297 1756 2363 eadem
1785 2307 1943 2364 ortae
1972 2299 2101 2364 sint
2132 2299 2441 2385 origine?
2467 2299 2581 2385 (2).
2968 2309 2976 2315 '

756 2406 835 2469 In
863 2425 940 2470 eo
976 2415 1197 2470 tamen
1225 2404 1357 2489 jam
1384 2423 1492 2468 res
1525 2413 1666 2469 erat
1689 2415 1761 2470 ut
1796 2406 1865 2469 in
1896 2391 2291 2471 Academiis'
2314 2426 2510 2471 mova
2544 2406 2905 2472 studiorum
2949 2409 3117 2474 ratio

665 2512 981 2598 paulatim
1012 2511 1474 2576 invalesceret.
1506 2512 1651 2577 Hoc
1676 2512 1931 2577 scilicet
1959 2532 2186 2578 rerum
2218 2513 2493 2600 transitu
2518 2523 2675 2597 aetas
2700 2514 2824 2596 illa
2846 2515 3117 2600 insignis

667 2617 908 2684 evadit.
943 2617 1048 2682 Ab
1079 2618 1263 2682 initio
1291 2619 1520 2704 gravia
1553 2619 1710 2682 satis
1743 2620 1917 2684 inter
1948 2620 2289 2704 utriusque
2322 2620 2473 2684 Viae
2516 2620 2809 2684 fautores
2846 2619 3120 2685 discidia

667 2735 812 2791 orta
841 2733 1012 2804 sunt,
1045 2724 1278 2809 quibus
1306 2724 1686 2790 Academiae
1719 2726 2043 2791 tumultus
2070 2727 2479 2815 injiceretur.
2522 2726 2929 2801 Quotidianis
2954 2747 3117 2793 con—

573 2844 578 2848 ·
664 2832 1085 2910 tentionibus,
1138 2834 1378 2898 mutuis
1420 2833 1961 2899 altercationibus
2006 2835 2123 2900 alii
2168 2835 2337 2901 alios
2394 2834 2849 2916 lacessebant3
2879 2818 2947 2899 et
2979 2860 3013 2895 ‹
3050 2836 3120 2898 in

663 2948 960 3025 apertum
988 2939 1275 3004 schisma
1295 2959 1412 3005 res
1437 2950 1739 3005 evaserat
1769 2967 1805 3001 ›
1840 2940 1955 3026 (3).
1988 2942 2141 3007 Non
2169 2942 2531 3027 specialem
2564 2939 2764 3022 modo
2797 2941 3120 3006 decanum

664 3056 941 3131 utraque
965 3044 1099 3111 Via
1131 3066 1218 3111 ex
1243 3048 1495 3111 statutis
1519 3048 1839 3133 elegerat,
1879 3046 1994 3111 sed
2034 3058 2343 3134 separato
2386 3058 2661 3131 utraque
2706 3048 2938 3112 aerario
2974 3058 3118 3111 ute-
3232 3110 3237 3114 .

667 3152 892 3235 batur3
927 3172 1054 3218 nec
1081 3153 1239 3217 ullis
1267 3150 1696 3230 clandestinis
1729 3154 1983 3219 artibus
2015 3156 2310 3241 magistri
2339 3153 2753 3220 abstinebant
2787 3175 2914 3239 quo
2950 3150 3118 3219 faci'-

668 3260 799 3323 lius
833 3258 1158 3324 studiosos
1187 3278 1272 3323 ex
1297 3260 1514 3326 altera
1541 3260 1625 3327 ad
1656 3260 1934 3326 alteram
1971 3262 2171 3330 Viam
2204 3270 2603 3326 averterent.
2644 3262 2725 3326 In
2761 3263 2941 3325 tanta
2978 3280 3118 3325 ma-

665 3366 1020 3450 gistrorum
1062 3375 1127 3430 et
1159 3365 1600 3432 studiosorum
1634 3366 2079 3446 multitudine,
2124 3388 2325 3451 quum
2376 3365 2475 3431 sui
2525 3356 2836 3453 magistro
2886 3368 3122 3451 cuique

663 3472 986 3558 speciales
1042 3470 1372 3539 auditores
1422 3473 1755 3551 adessent,
1815 3474 1992 3539 haud
2054 3474 2255 3539 facile
2316 3466 2457 3539 erat
2514 3472 2867 3559 prohibere
2920 3492 3007 3537 ne
3054 3474 3124 3536 in

653 3579 882 3665 jurgia
905 3588 1324 3667 erumperent
1357 3604 1370 3643 ε
1408 3600 1518 3644 res
1543 3579 1708 3646 adeo
1740 3580 2027 3646 turbatae
2066 3581 2339 3645 fuerunt
2366 3590 2440 3644 ut
2488 3600 2529 3645 a
2568 3580 2735 3645 duce
2765 3576 3124 3644 ‘Ludovico

665 3685 971 3769 componi
1001 3683 1371 3750 debuerint.
1405 3688 1687 3752 Decreto
1714 3687 1864 3752 Dux
1894 3686 2231 3773 prohibuit
2258 3706 2345 3751 ne
2370 3686 2616 3752 Reales
2644 3695 2707 3750 et
2734 3686 2798 3751 N
2803 3685 3130 3751 ominales

664 3810 705 3855 a
732 3811 802 3855 se
830 3800 1054 3865 mutuo
1094 3791 1513 3869 discederint,
1552 3812 1636 3857 ne
1671 3814 1741 3858 se
1775 3794 2062 3858 invicem
2084 3793 2490 3858 lacesserent
2517 3803 2628 3858 aut
2654 3792 2963 3857 'confictis
2989 3792 3121 3857 cri-
3220 3822 3231 3829 ‚

663 3896 948 3963 minibus
979 3900 1356 3979 elevarent3
1395 3918 1479 3963 ne
1516 3909 1756 3963 neutra
1792 3900 1927 3980 Via
1956 3919 2188 3964 veram
2227 3899 2592 3965 doctrinam
2625 3900 2725 3963 sui
2751 3900 2931 3963 unici
2957 3898 3126 3985 juris

666 4022 806 4067 esse
837 4004 1250 4089 praedicaret.
1291 4005 1620 4074 Studiosis,
1641 4007 2032 4091 permissum
2064 4015 2162 4071 est
2188 4006 2573 4081 alterutrius
2604 4005 2753 4069 Viae
2791 4004 3125 4090 professo-

513 4108 524 4119 *
602 4122 608 4127 ’
662 4109 771 4204 res
797 4110 1071 4193 sectari3
1113 4112 1286 4198 quod
1315 4122 1533 4177 autem
1583 4112 1668 4176 ad
1715 4114 2029 4177 examina
2074 4108 2474 4199 pertinebat,
2526 4121 2810 4196 quatuor
2838 4108 3125 4196 eligendi
3244 4162 3252 4169 .

771 4333 821 4388 1.
871 4336 956 4387 De
983 4332 1304 4402 Qualitate
1323 4332 1554 4407 Siqz'llz‘,
1585 4331 1698 4399 IV,
1727 4351 1787 4401 p.
1812 4332 1905 4389 71.

763 4412 819 4467 2.
863 4412 946 4467 Ea
974 4413 1036 4467 in
1057 4412 1295 4467 statutis
1316 4430 1408 4469 an.
1444 4412 1584 4471 1389
1615 4413 1789 4475 editis
1818 4414 2255 4485 deprehendere
2282 4414 2419 4470 licet
2457 4435 2469 4469 ε
2508 4432 2537 4467 α
2564 4412 2759 4481 Quum
2793 4411 2865 4466 ab
2896 4410 3129 4481 irriguae

665 4484 1037 4547 fecunditatis
1065 4492 1442 4547 scientiarum
1469 4492 1686 4549 diluvio
1717 4494 1886 4547 almae
1907 4495 2107 4555 matris
2139 4494 2553 4551 Universitatis
2575 4492 2749 4548 studii
2781 4491 3129 4546 Parisiensis

669 4587 819 4627 nova
841 4571 900 4625 in
931 4586 1070 4641 agro
1098 4570 1374 4629 Ecclesiae
1404 4572 1658 4644 plantata
1684 4571 2057 4637 Universitas
2089 4574 2409 4631 litterarum
2439 4572 2821 4629 Viennensis„
2845 4613 2857 4628 .
2880 4616 2923 4638 .,
2954 4575 3067 4627 etc.
3098 4593 3123 4621 n

785 4652 834 4707 3.
878 4651 1218 4719 Rotmarus,
1251 4668 1343 4707 an.
1375 4652 1531 4711 1478.
