3564 5588
1607 617 1974 662 —L11-

580 759 925 825 debebant.
961 757 1242 824 Comiter
1267 766 1330 824 et
1355 756 1675 824 benevole
1703 778 1743 823 a
1769 756 2248 844 professoribus
2274 756 2577 824 omnibus
2606 761 2860 846 accepti
2882 757 2997 846 (l),

575 865 755 932 haud
784 865 1013 932 morati
1047 873 1197 930 sunt
1219 864 1376 950 quin
1405 889 1439 926 ς
1460 865 1649 952 Jussu
1685 863 2093 931 Serenissimi
2127 864 2455 951 Principis
2486 889 2522 925 >
2559 864 2626 930 in
2654 865 3003 932 consilium

565 971 1044 1040 xAcademicum
1085 969 1601 1038 admitterentur.
1650 970 1881 1037 Patres
1930 991 2111 1058 ergo,
2160 971 2541 1058 interposito
2583 970 2629 1038 4
2680 970 3004 1039 annorum

575 1081 807 1166 spatio,
860 1079 976 1145 sed
1015 1080 1215 1166 longe
1255 1079 1606 1144 immutatis
1651 1078 2155 1159 conditionibuS,
2189 1073 2424 1145 iter'um
2463 1079 2533 1144 in
2576 1078 3005 1146 Academiam

574 1187 838 1254 fuerant
865 1181 1144 1275 recepti.
1170 1187 1316 1255 Nec
1348 1185 1490 1276 jam
1533 1185 1900 1273 simplicem
1936 1205 2281 1272 personam
2325 1185 2639 1274 agebant3
2684 1195 2749 1252 et
2783 1187 3001 1254 Theo-

575 1292 770 1382 logiae
798 1295 1200 1382 professores
1241 1294 1310 1360 in
1353 1291 1716 1361 Academia
1748 1293 1934 1381 'quasi
1970 1301 2221 1360 tantum
2256 1291 2340 1360 ad
2373 1291 2444 1360 id
2469 1292 2907 1360 versabantur
2934 1303 3007 1361 ut

573 1401 837 1469 facilius
880 1411 1068 1467 extra
1116 1400 1546 1468 Academiam
1589 1419 1830 1487 pueros
1890 1399 2211 1468 edocendi
2256 1401 2680 1488 propriasque
2738 1401 3005 1468 scholas

575 1508 952 1576 instituendi
979 1509 1241 1575 veniam
1273 1509 1388 1574 alii
1416 1509 1868 1595 impetrarent.
1972 1511 1980 1520 '
2962 1525 2969 1530 ·

661 1617 769 1684 Ex
794 1618 1046 1683 ratione
1068 1618 1243 1683 nova
1275 1616 1544 1682 Patrum
1573 1616 1878 1697 Instituti,
1907 1624 2112 1683 totum
2136 1617 2205 1682 in
2233 1634 2311 1683 eo
2340 1625 2481 1683 erat
2511 1625 2585 1682 ut
2610 1616 2855 1684 scholae
2883 1637 3007 1705 pu-

573 1725 768 1792 blicae
793 1725 1074 1812 gratuito
1101 1723 1436 1810 discipulis
1463 1742 1504 1789 a
1527 1724 1808 1810 pueritia
1830 1722 1914 1789 ad
1935 1723 2445 1792 adolescentiam
2466 1724 3001 1810 instituerentur3

577 1842 642 1900 et
676 1833 768 1898 ita
793 1839 925 1899 'aut
959 1831 1486 1918 supplementum
1535 1830 1917 1898 Academiae
1962 1831 2356 1899 lectionibus
2402 1833 2834 1921 contingeret,
2894 1843 3007 1898 aut

578 1940 814 2006 melius
845 1937 929 2005 ad
963 1958 1076 2005 eas
1107 1939 1145 2004 J
1150 1957 1396 2005 uvenes
1422 1938 1960 2006 informarentur.
2001 1938 2337 2018 Attamen,
2370 1940 2424 2006 si
2461 1937 2546 2006 ad
2591 1958 3005 2006 communem

577 2062 847 2114 causam
895 2046 961 2112 id
985 2055 990 2060 “
1006 2047 1366 2134 pertineret
1406 2054 1480 2111 ut
1528 2045 1730 2133 gratis
1771 2045 2228 2113 habendarum
2273 2047 2650 2114 scholarum
2692 2028 3005 2113 numerus

579 2160 956 2242 augeretur,
978 2152 1060 2219 de
1087 2153 1491 2240 privatorum
1521 2151 1880 2219 commedis
1900 2151 2149 2239 aliquid
2174 2151 2663 2220 detrahebatur.
2692 2152 2796 2220 Ab
2824 2153 3006 2220 initio

580 2263 754 2328 enim
790 2259 1188 2339 Academiae,
1232 2259 1558 2347 magistris
1591 2259 1852 2326 Artium
1897 2257 1964 2326 id
1994 2259 2335 2346 peculiare
2370 2279 2609 2326 munus
2640 2261 3007 2348 contigerat

579 2388 696 2435 seu
721 2369 789 2434 in
814 2367 1051 2448 bursiS,
1083 2387 1199 2433 seu
1221 2367 1549 2452 privatim,
1572 2366 1903 2433 ordinarie
1921 2386 2162 2454 pueros
2186 2364 2542 2452 edocendi3
2570 2368 2650 2433 ea
2674 2366 3005 2454 praecipue

580 2474 886 2542 mercede
933 2475 1136 2540 vitam
1185 2471 1577 2540 tolerabant.
1632 2473 1947 2559 Plerique
1995 2474 2190 2540 etiam
2246 2493 2364 2540 seu
2412 2475 2834 2562 praeceptoris
2888 2494 3006 2540 seu

579 2580 1327 2669 hypodidascali‘partes
1363 2580 1677 2668 agebant3
1711 2599 1841 2646 nec
1876 2580 1947 2645 in
1985 2599 2273 2667 praesens
2316 2579 2509 2648 modo
2552 2580 2874 2668 stipendia
2915 2581 3007 2646 ita

580 2687 702 2755 sibi
734 2687 1228 2775 comparabant,
1276 2685 1392 2754 sed
1435 2685 1691 2754 nobiles
1727 2706 1966 2774 pueros
2007 2686 2367 2767 edocendo,
2409 2689 2823 2775 amplissimis
2846 2688 3005 2753 viris

579 2797 649 2861 in
688 2804 1017 2883 posterum
1043 2793 1408 2863 fautoribus
1443 2794 1833 2875 utebantur,
1862 2815 2069 2881 eoque
2106 2793 2373 2863 facilius
2410 2794 2723 2863 ordinarii
2755 2793 3005 2882 profes-

579 2904 743 2969 soris
769 2902 1159 2990 'dignitatem
1199 2899 1789 2987 consequebantur.
1834 2901 2060 2988 Itaque
2107 2920 2312 2989 quum
2355 2902 2449 2970 de·
2481 2903 2763 2990 gratuito
2812 2902 3003 2967 insti-

580 3009 839 3076 tuendis
885 3010 1128 3077 scholis
1175 3016 1503 3097 ageretur,
1555 3010 1657 3075 sui
1698 3010 2007 3095 temporis
2056 3010 2375 3076 rationem
2421 3010 2826 3093 habuerunt3
2877 3008 3006 3075 hoc

581 3118 777 3183 etiam
802 3116 1059 3196 omisso,
1090 3114 1263 3201 quod
1299 3116 1391 3181 ita
1424 3116 1494 3181 in
1522 3125 1859 3182 certamen
1893 3135 2044 3182 curn
2076 3116 2382 3182 Patribus
2421 3115 2907 3183 deducerentur
2942 3124 3008 3181 et

581 3220 1081 3311 comparationis
1110 3223 1482 3309 periculum
1524 3223 1792 3289 inirent.
1820 3220 2015 3289 Anno
2051 3220 2243 3303 1556,
2285 3224 2551 3290 ineunte
2578 3224 2719 3312 jam
2756 3231 2999 3302 aestate,

580 3335 786 3417 questi
830 3341 980 3398 sunt
1027 3331 1339 3418 magistri,
1391 3328 1562 3415 quod
1605 3328 1724 3395 tali
1773 3328 1842 3394 in
1885 3349 1982 3409 re,
2028 3330 2218 3397 nullo
2256 3329 2448 3397 modo
2494 3329 2821 3399 aemulatio
2860 3330 3004 3419 fieri
3104 3344 3109 3347 ·

577 3448 832 3525 posset.
856 3438 1246 3505 Societatem
1280 3457 1432 3503 cum
1480 3437 1808 3523 magistris
1844 3436 2135 3502 inierunt
2178 3436 2553 3524 Paedagogii
2606 3437 3005 3523 professores

579 3554 644 3611 et
684 3566 726 3611 a
767 3544 1168 3633 stipendiatis
1205 3544 1522 3629 laicisque
1569 3542 2047 3630 professoribus
2094 3552 2326 3610 contra
2364 3544 2646 3631 gratuito
2694 3526 3006 3611 docentes

575 3650 916 3719 Societatis
946 3652 1178 3718 Patres
1208 3669 1553 3741 commune
1586 3650 1935 3718 consilium
1974 3648 2273 3717 habitum
2310 3659 2429 3716 est.
2476 3648 2555 3716 In
2596 3659 2817 3738 partes
2852 3668 3005 3717 suas

573 3758 918 3845 plerosque
950 3758 1352 3845 professores
1379 3761 1448 3824 et
1486 3776 1657 3844 pene
1689 3776 1950 3823 omnem
1982 3756 2167 3824 urbis
2210 3758 2663 3843 magistratum
2701 3758 3000 3825 adduxe-

574 3874 729 3931 runt
765 3866 1078 3953 magistri.
1110 3864 1406 3932 Asseruit
1441 3874 1661 3930 tamen
1689 3863 2012 3952 Agricola
2042 3883 2401 3950 numquam
2435 3861 2579 3930 fieri
2612 3866 2897 3952 potuisse
2932 3873 3005 3931 ut

575 3972 716 4038 sine
765 3972 1042 4040 occultis
1100 3971 1348 4039 artibus
1392 3971 2015 4059 archigrammateos
2061 3970 2471 4050 Academiae,
2530 3969 2774 4038 Pania
2785 3970 3004 4038 leonis

571 4079 925 4159 Hunderi,
956 4081 1217 4147 occulte
1241 4079 1640 4146 Lutheranis
1661 4077 1961 4166 partibus
1981 4077 2226 4144 addicti
2244 4074 2358 4168 (2),
2382 4077 2661 4145 societas
2683 4080 2812 4144 ista
2832 4079 3005 4145 inter

573 4186 975 4274 professores
1014 4186 1314 4253 iniretur.
1367 4185 1648 4272 Propius
1691 4194 1911 4253 autem
1951 4182 2045 4279 ad
2080 4182 2275 4252 fidem
2318 4193 2416 4252 est
2459 4184 2867 4272 professores
2920 4184 3003 4251 de

772 4484 1116 4546 «Doctores
1134 4486 1464 4545 Academiae
1484 4484 1901 4563 pei-benevolos
1922 4502 2057 4544 sese
2078 4462 2245 4544 novis
2266 4488 2474 4544 incolis
2499 4486 2661 4545 initio
2680 4488 2996 4563 proebuere.

573 4586 602 4621 α
633 4566 952 4643 Superabat
980 4568 1170 4627 adhuc
1196 4568 1346 4625 fama
1371 4568 1411 4625 J
1413 4584 1504 4641 au,
1539 4566 1895 4624 Salmeronis
1914 4574 1975 4625 et
1988 4565 2247 4629 Genisii..
2254 4571 2775 4641 ‚eaque‘'memorie
2801 4576 2997 4627 aucto-

571 4648 1135 4800 “rigatffisstg‘alti-effio
1168 4648 1262 4787 ff]
1272 4648 1541 4723 ungebat.
1573 4668 1602 4700 n
1629 4646 1998 4717 Adlzreitter,
2026 4664 2091 4721 p.
2118 4646 2247 4709 266.
