3564 5588
1499 557 1582 578 -ε-
1631 528 1863 596 xxxi'
1886 567 1971 578 -

505 699 824 780 gumenta
855 710 1030 757 emm
1067 690 1290 757 omnia
1335 689 1420 756 de
1461 691 1704 776 quibus
1743 701 1945 758 antea
1976 700 2329 760 tractatum
2356 677 2577 759 fuerat
2602 689 2713 780 (de'
2736 687 2951 760 libero

506 798 780 866 arbitrio
820 834 912 848 -—
959 798 1042 865 de
1090 796 1562 886 Indulgentiis)
1629 799 1819 884 quasi
1882 800 2325 887 praetermissa
2385 798 2681 880 fuerunt,
2750 821 2958 891 eoque

505 905 758 976 Eckius
779 927 1041 974 omnem
1068 904 1474 994 diligentiam
1503 905 1803 973 adhibuit
1832 915 1905 973 ut
1937 907 2111 974 illud
2150 929 2194 974 a
2224 908 2519 976 Luthero
2554 909 2957 996 propositum

342 1003 354 1016 '
457 1041 466 1050 ¹
503 1007 576 1080 in
633 1014 1150 1082 controversiam
1195 1012 1552 1080 deductum
1601 1015 1672 1080 in
1721 1014 1947 1081 lucem
2009 1015 2339 1102 proferret
2374 1040 2391 1082 z
2438 1041 2473 1077 ‹
2504 1017 2756 1103 Papam
2814 1035 2959 1084 esse

506 1122 543 1187 J
547 1142 668 1188 ure
693 1120 928 1189 Divino
956 1130 1159 1208 caput
1181 1120 1528 1188 Ecclesiae.
1560 1146 1597 1182 ›
1638 1122 1854 1189 Eckio·
1879 1143 1921 1188 a
1951 1123 2229 1190 Lutheri
2252 1122 2619 1190 fautoribus
2652 1123 2815 1190 vitio
2840 1123 2959 1191 da-

506 1239 644 1295 tum
679 1238 775 1295 est
801 1228 978 1314 quod
1011 1227 1304 1316 pontiflci
1327 1250 1584 1296 summo
1612 1229 1931 1296 adulandi
1960 1249 2230 1296 causam
2264 1232 2358 1298 ita
2390 1229 2837 1312 confinxisset,
2878 1239 2959 1298 ·et

481 1321 736 1402 'contra
756 1336 1124 1402 Lutherum
1151 1335 1377 1404 odium
1405 1335 1853 1422 invidiamque
1892 1336 2185 1404 omnium
2224 1337 2598 1405 excitasset.

591 1444 712 1510 Die
739 1442 820 1510 15
846 1444 883 1508 J
889 1444 1009 1510 ulii
1047 1443 1398 1532 disputatio
1427 1444 1644 1510 soluta
1671 1454 1803 1530 est:
1842 1445 2144 1538 quamvis
2186 1446 2257 1510 in
2306 1445 2699 1534 disputando
2735 1445 2953 1534 pluri·

503 1571 684 1617 mum
734 1551 1070 1618 Lutherus
1115 1551 1542 1630 elaborasset,
1595 1551 1985 1618 Carlostadii
2030 1551 2700 1640 Melanchthonisque
2752 1556 2959 1641 opera
3082 1565 3089 1572 ’

502 1657 684 1725 haud
703 1659 1036 1726 incassum
1058 1680 1215 1725 usus
1246 1668 1412 1725 erat.
1451 1659 1801 1745 Quumque
1822 1658 2183 1728 identidem
2216 1661 2651 1728 Melanchtho
2670 1661 2957 1728 Eckium

501 1766 971 1854 interrogasset
996 1775 1109 1833 aut
1146 1767 1571 1847 confutasset,
1614 1767 1718 1833 his
1760 1766 1985 1834 verbis
2029 1767 2281 1834 Eckius
2327 1769 2397 1834 in
2430 1768 2627 1834 illum
2653 1769 2986 1844 invectus,

505 1884 600 1940 est
634 1898 649 1940 ι
693 1899 728 1935 ‹
760 1875 959 1955 Tace,
990 1883 1060 1940 tu
1099 1875 1430 1963 Philippo,
1466 1894 1547 1942 ac
1575 1884 1692 1943 tua
1723 1875 1941 1942 studia
1962 1895 2161 1958 cura;
2190 1897 2277 1943 ne
2302 1896 2411 1942 me
2434 1876 2751 1963 perturba
2782 1875 2895 1963 (1).
2915 1901 2952 1937 ›

503 1981 906 2069 Disputando
939 1983 1140 2070 igitur
1170 1982 1394 2050 odium
1427 1982 1901 2050 exacerbatum
1942 1993 2061 2063 est,
2111 1983 2671 2069 Melanchthoque
2702 1985 2957 2049 litteras

504 2087 682 2156 dedit
721 2090 958 2175 quibus
997 2090 1280 2156 Eckium
1317 2089 1496 2156 haud
1537 2111 1740 2178 parce
1785 2091 2052 2171 laeserit,
2115 2091 2349 2176 dieque
2389 2090 2477 2159 25
2532 2093 2569 2156 J
2574 2091 2695 2157 ulii
2756 2089 2950 2168 1519,

375 2262 382 2268 .
501 2194 1062 2264 Ewcusationem
1075 2198 1326 2264 Eckius
1343 2197 1544 2263 edidit
1565 2197 1651 2284 (2)
1681 2199 1812 2284 qua
1833 2194 2369 2265 Melanchthonis
2394 2197 2483 2287 inj
2491 2199 2670 2265 urias
2686 2200 2958 2285 propul-

429 2317 440 2334 '
502 2313 698 2372 saret.
739 2303 887 2372 Uno
911 2323 1263 2382 consensu,
1305 2325 1426 2392 per
1455 2304 1758 2372 Saxoniae
1787 2306 1989 2372 Ducis
2017 2315 2082 2371 et
2108 2305 2575 2373 Universitatis
2597 2305 2962 2393 Lipsiensis

502 2411 916 2479 consiliarios
942 2410 1057 2500 (3),
1099 2412 1438 2482 decretum
1474 2422 1616 2479 erat
1643 2412 1815 2478 nihil
1838 2411 1920 2478 de
1950 2411 2276 2500 Lipsiensi
2306 2412 2749 2502 disputatione
2779 2423 2954 2480 tam-

500 2517 616 2586 diu
657 2519 803 2586 fore
850 2519 1328 2607 publicandum
1377 2519 1536 2586 dum
1583 2539 1716 2586 non
1765 2519 2199 2608 dijudicatum
2242 2529 2415 2586 esset
2463 2540 2507 2587 a
2553 2513 2680 2608 quo
2727 2546 2764 2583 α
2798 2520 2956 2587 fidei

502 2626 888 2693 Christianae
919 2637 1370 2694 consentanea
1395 2636 1508 2694 aut
1530 2627 1896 2714 pugnantia
1922 2626 2105 2693 dicta
2126 2626 2407 2694 fuissent
2428 2627 2544 2716 (4).
2583 2653 2619 2688 >
2657 2627 2955 2696 Invicem

500 2753 570 2802 se
600 2732 938 2823 utriusque
973 2744 1170 2803 sectae
1205 2735 1498 2803 fautores
1527 2735 1923 2803 incusarunt
1954 2733 2131 2822 quod
2174 2755 2311 2803 non
2355 2746 2551 2824 pacto
2600 2738 2949 2805 stetissent.

499 2842 759 2911 Exinde
785 2843 1090 2911 acerbius
1107 2844 1180 2911 in
1202 2843 1344 2910 dies
1363 2854 1702 2911 certamen
1727 2841 1971 2927 evasit3
2005 2851 2078 2909 ut
2104 2870 2139 2905 ‹
2158 2845 2676 2912 Excusationem
2700 2870 2737 2905 ι
2760 2844 2962 2915 Eckii'

499 2951 963 3039 redargueret,
1012 2971 1185 3018 anno
1230 2950 1433 3031 1519,
1470 2951 1729 3018 litteras
1759 2948 2264 3039 Wittembergae
2308 2949 2397 3037 (5)
2444 2960 2509 3018 et
2552 2952 2954 3037 articulatim

501 3056 910 3125 distributam
946 3058 1412 3126 refutationem
1445 3056 1777 3124 Lutherus
1817 3057 1998 3124 dedit
2024 3056 2110 3144 (6)
2138 3081 2153 3123 z
2195 3084 2230 3119 ‹
2256 3058 2419 3127 Haec
2450 3069 2690 3140 autem,
2715 3060 2950 3142 lector,

409 3216 414 3221 .
505 3188 539 3226 α
574 3166 852 3235 tractavi
885 3185 1020 3235 non
1052 3166 1352 3251 curiose}
1385 3167 1588 3254 longe
1619 3165 1819 3253 plura
1843 3166 2256 3246 inventuruS,
2288 3166 2344 3232 si
2371 3167 2558 3235 Eccii
2585 3176 2649 3233 et
2672 3168 2955 3235 fratrum

505 3296 539 3334 α
575 3291 792 3354 more,
841 3272 925 3341 ad
962 3275 1215 3354 vivam,
1252 3284 1327 3340 ut
1359 3274 1633 3353 dicitur,
1676 3278 1901 3340 cutem
1944 3293 2026 3339 ea
2056 3274 2178 3342 sim
2222 3275 2754 3355 examinaturus,
2808 3295 2957 3362 qum

505 3403 540 3443 α
575 3380 700 3469 ipsi
738 3383 809 3449 in
844 3400 1174 3470 papyrum
1213 3392 1606 3469 expuerunt.
1652 3412 1738 3429 --
1770 3380 2086 3449 Nondum
2116 3381 2394 3449 Eccium
2429 3384 2740 3463 tractavi,
2785 3402 2953 3468 quo·

505 3516 539 3549 ι
578 3490 772 3558 modo
809 3510 913 3556 me
953 3509 1215 3577 semper
1251 3498 1514 3556 tractat.
1557 3488 1701 3556 Erit
1733 3490 1910 3556 enim
1947 3488 2117 3556 forte
2150 3500 2221 3555 ut
2249 3510 2487 3583 canem
2519 3491 2953 3559 dormientem
3074 3512 3079 3521 ·

505 3622 539 3659 c
573 3592 780 3665 irritet
789 3642 922 3665 .....
957 3593 1120 3665 Vale
1147 3602 1217 3665 et
1243 3618 1366 3665 ora
1392 3606 1467 3664 ut
1491 3598 1736 3665 Eccius
1763 3617 1950 3665 meus
1978 3617 2178 3665 sanus
2209 3596 2327 3666 flat
2365 3597 2481 3686 (7).
2519 3622 2571 3661 a.
2624 3606 2627 3611 ·

609 3800 655 3860 1.
701 3801 986 3860 Adamas.
1023 3796 1168 3860 Vita
1195 3793 1688 3869 Melanchthonis,
1718 3818 1776 3875 p.
1812 3796 1938 3861 189.
2846 3820 2853 3827 ·

602 3885 656 3942 2.
702 3905 730 3939 «t
769 3885 1105 3942 Excusatio
1161 3884 1344 3941 Eckii
1388 3882 1476 3940 ad
1520 3899 1595 3941 ea
1638 3898 1767 3957 quoe
1812 3880 1975 3956 falso
2022 3873 2365 3958 Philippus
2400 3874 2780 3943 Metanohton
2834 3878 2955 3961 (sic)

501 3965 958 4023 Grammaticus
1001 3960 1542 4038 Wittenburqensis
1585 3979 1768 4036 super
1824 3961 2184 4037 Theoloqz'cd
2232 3963 2661 4039 disputatione
2704 3967 2953 4043 Lipsicd

463 4090 468 4093 .
501 4046 919 4121 adscripsit.
891 4044 1107 4103 »Loca
1133 4052 1193 4101 et
1220 4049 1478 4118 tempora
1508 4043 2657 4101 desiderantur.»

517 4130 520 4135 ’
605 4129 660 4187 3.
699 4126 855 4184 Ibid.

529 4262 538 4272 ,
604 4209 661 4266 1.
693 4207 1144 4265 «Excusatio...

604 4288 658 4345 5.
719 4308 746 4342 ι
791 4288 914 4345 ·Ad.
972 4289 1109 4346 ΙοΙι.
1152 4286 1410 4345 Eckium
1470 4288 1548 4344 Μ.
1594 4284 1852 4343 Lachere·
1936 4286 2219 4361 Epistola
2270 4304 2453 4367 super
2512 4292 2963 4373 expurqatiom,

499 4367 787 4427 Ecciana.
821 4388 848 4422 »
877 4368 1030 4425 Loca
1058 4373 1116 4424 et
1144 4375 1402 4442 tempora
1429 4366 1853 4426 desidet-huntur

604 4450 656 4506 6.
702 4470 727 4503 α
769 4448 1002 4507 Contra
1029 4448 1370 4522 maliqnum
1396 4449 1530 4507 Joh.
1559 4446 2082 4521 Ecciijudicium‚
2108 4467 2290 4524 super
2312 4452 2548 4529 aliquot
2572 4453 2954 4527 articulism.

497 4527 804 4604 fratribus
834 4528 1190 4606 quibusdam
1209 4530 1268 4586 ei
1285 4528 1607 4604 suppositis
1629 4548 1680 4587 ιο.
1706 4529 1773 4585 15
1798 4542 1957 4602 pag„
1987 4528 2155 4589 titulo
2171 4534 2419 4593 incluso
2446 4532 2753 4611 Tempora
2750 4546 2809 4599 et
2824 4539 2951 4599 loca

497 4610 920 4671 desidet-,antur

520 4692 853 4751 '7.lbid.
