3564 5588
1629 635 1712 644 --
1760 617 1948 662 LXIV
1995 633 2078 644 ·····

639 759 1166 847 philosophicum
1213 756 1520 835 inierant,
1572 757 1873 823 Visam'o
1920 755 2140 822 traditi
2173 763 2345 834 sunt,
2384 755 2496 840 qui
2540 771 2652 819 eos
2684 753 2857 818 intra
2882 775 2918 812 α
2948 771 3067 838 pa·-

606 860 612 865 “
645 891 680 926 ‹
737 867 936 932 rietes
991 865 1377 932 domesticos
1440 888 1476 923 ›
1529 883 1735 948 usque
1799 863 1882 930 ad
1949 861 2179 930 cursus
2225 860 2671 949 peractionem
2736 859 3064 926 edoceret.

640 971 837 1058 Apud
878 970 1306 1038 Academiam
1357 969 1488 1036 duo
1535 969 1729 1036 modo
1761 969 2149 1056 Theologiae
2190 988 2230 1034 e
2274 967 2602 1035 Societate
2644 967 3068 1054 professoreS,

640 1087 712 1144 ut
741 1077 824 1144 ab
857 1078 1041 1144 initio
1077 1079 1494 1144 constitutum
1519 1075 1759 1156 fuerat,
1791 1077 2152 1163 perstitere.

731 1184 836 1250 Ita
869 1183 1253 1250 Academici
1277 1183 1492 1250 studia
1523 1185 1744 1251 omnia
1767 1181 2152 1271 Ingolstadii
2177 1191 2753 1270 recuperaverant,
2788 1199 2916 1248 nec
2932 1183 3071 1271 jam

641 1282 1100 1358 aemulantium
1127 1289 1470 1378 diligentia
1491 1289 2041 1358 sollicitabantur.
2071 1291 2339 1357 Exactis
2362 1299 2581 1356 tamen
2617 1289 2943 1369 Patribus,
2972 1289 3073 1355 in-

641 1399 901 1464 tellexit
917 1397 1206 1464 Senatus
1220 1397 1660 1464 Academicus
1688 1417 2081 1486 pernecesse
2108 1417 2250 1463 esse
2283 1397 2555 1463 eximios
2580 1396 2981 1484 professores
3002 1397 3072 1461 in

639 1505 855 1571 vicem
896 1505 1336 1571 exsulantium
1371 1505 1720 1572 advocare.
1769 1506 2199 1594 Dialecticam
2245 1505 2725 1591 physicamque
2794 1503 3071 1571 docendi

639 1611 896 1678 duobus
930 1612 1347 1686 Academicis
1389 1613 1733 1699 provincia
1775 1613 1955 1679 facta
1997 1621 2127 1696 est;
2160 1612 2415 1677 interea
2448 1620 2693 1690 tamen,
2714 1611 3073 1692 ⁸Universi-

553 1797 562 1805 ,
639 1720 789 1789 tatis
821 1720 1111 1798 nomine,
1130 1720 1366 1785 litterae
1391 1719 1477 1786 ad
1489 1720 1861 1806 Isgsresiwm
1877 1720 2088 1786 missae
2106 1727 2280 1798 sunt,
2296 1719 2456 1785 olim
2478 1719 2549 1784 in
2568 1717 3073 1806 Ingolstadiensi

640 1827 981 1914 gymnasio
1013 1827 1416 1914 magistrum,
1457 1835 1616 1892 tunc
1650 1827 1718 1892 in
1761 1827 2036 1914 Belgica
2076 1810 2614 1905 commorantem,
2655 1834 2747 1904 ut,
2786 1825 3075 1891 'maxima

639 1933 896 2000 scilicet
919 1933 1282 2020 diligentia,
1313 1933 1746 2020 professorem
1774 1933 2121 2019 quemdam
2151 1933 2593 2020 Philosophiae
2626 1931 3073 2018 Oratoriaeque

643 2064 679 2101 ‹
712 2040 862 2107 illos
887 2039 1148 2126 quidem
1175 2041 1582 2107 excellentes
1603 2039 1713 2128 (l),
1742 2066 1778 2101 ›
1816 2039 2240 2108 conduceret.
2268 2041 2429 2106 Haec
2453 2041 2856 2127 potissimum
2867 2038 3075 2106 verba

638 2146 882 2213 indicio
917 2156 1068 2214 sunt
1106 2149 1331 2233 quanti
1357 2147 1720 2215 studiorum
1751 2149 1919 2217 ratio
1956 2167 1997 2214 a
2023 2147 2330 2213 Patribus
2352 2146 2582 2214 habita
2614 2148 3067 2227 aestimaretur,

640 2263 704 2320 et
745 2273 938 2340 quam
976 2273 1180 2342 grave
1228 2254 1310 2321 ab
1365 2255 1665 2322 omnibus
1708 2254 2066 2322 haberetur
2117 2254 2388 2322 illorum
2438 2255 2509 2320 in
2559 2254 2781 2322 locum
2836 2273 3070 2322 succe-

639 2360 822 2427 dere.

729 2469 1064 2557 Insignem
1114 2479 1336 2536 tamen
1384 2471 1452 2536 in
1511 2472 1638 2539 hac
1685 2491 1910 2539 rerum
1948 2471 2337 2541 necessitate
2390 2467 2810 2557 prudentiam
2842 2469 3073 2535 Patres

640 2574 1096 2643 adhibuerant.
1143 2577 1341 2644 Haud
1375 2578 1548 2644 enim
1581 2577 1852 2645 dubium
1896 2586 2039 2645 erat
2068 2579 2247 2664 quin,
2279 2576 2469 2644 brevi
2498 2576 2724 2664 elapso
2751 2585 3066 2662 tempore,

639 2701 864 2748 omnes
889 2682 1282 2751 desiderium
1320 2685 1588 2752 illorum
1623 2695 1904 2753 teneret.
1952 2685 2107 2752 Post
2136 2685 2406 2751 illorum
2443 2684 2797 2750 discessum
2835 2681 3069 2748 Paeda·

639 2791 831 2877 gogio
893 2791 1186 2879 magistri
1236 2794 1494 2861 Artium
1553 2794 1678 2861 soli
1727 2794 1912 2882 potiti
1944 2802 2118 2873 sunt,
2179 2801 2243 2859 et
2288 2792 2585 2879 quamvis
2624 2790 2706 2858 de
2751 2789 2950 2858 rebus
2988 2787 3071 2856 ad

639 2899 948 2985 temporis
966 2899 1135 2967 illud
1161 2901 1439 2987 spatium
1470 2902 1947 2989 pertinentibus
1969 2900 2330 2968 Annalium
2360 2901 2712 2987 scriptores
2740 2897 3065 2976 siluerint,

639 3013 891 3071 constat
931 3008 1002 3071 in
1055 3016 1320 3095 questus
1383 3009 1770 3097 Ingolstadii
1823 3009 2076 3076 incolas
2117 3008 2316 3095 paulo
2377 3016 2520 3094 post
2559 3007 2765 3073 fuisse
2806 3002 3065 3071 effusos.

637 3112 1104 3180 Diversissimis
1131 3135 1215 3183 ex
1239 3115 1440 3183 rebus
1469 3115 1866 3183 desiderium
1912 3115 2084 3182 illud
2126 3117 2396 3181 Patrum
2444 3112 2747 3181 effectum
2788 3120 2885 3179 est
2930 3136 2945 3177 :
3016 3111 3071 3176 si

639 3222 782 3304 quis
817 3221 899 3288 ad
925 3231 1106 3287 recte
1137 3224 1575 3291 excolendam
1613 3224 2007 3311 religionem
2048 3230 2399 3309 spectaret,
2432 3240 2567 3288 non
2593 3222 2643 3303 ii,
2677 3219 3073 3315 videbantur

638 3327 794 3395 laici
828 3329 1255 3415 professoreS,
1291 3332 1402 3417 qui
1425 3332 1494 3396 in
1515 3330 1855 3399 Societatis
1872 3331 2053 3396 illius
2073 3330 2294 3396 locum
2321 3327 2777 3412 succederent,
2807 3325 3071 3413 proprie

640 3433 724 3500 ad
781 3436 1124 3503 catholicae
1156 3436 1312 3504 fidei
1346 3446 1565 3525 partes
1608 3437 1887 3504 tuendas
1935 3437 2327 3503 informatae.
2388 3434 2640 3523 Insigni
2669 3436 2739 3499 in
2771 3432 3070 3501 docendo

637 3542 986 3628 prudentia
1028 3554 1093 3611 et
1135 3546 1204 3611 in
1268 3553 1407 3612 arte
1444 3545 1873 3633 paedagogica
1910 3543 2331 3612 Academicis
2381 3544 2613 3608 Patres
2643 3538 3066 3628 praestabant.

639 3648 828 3716 Cives
889 3651 1172 3739 denique
1232 3672 1408 3740 aegre
1473 3652 1777 3719 ferebant
1849 3652 2137 3741 graviori
2207 3651 2505 3737 impensa
2559 3648 2645 3716 ad
2696 3646 3071 3715 educandos

638 3776 876 3842 pueros
915 3779 984 3825 se
1019 3760 1304 3837 onerari,
1363 3768 1426 3826 et
1461 3761 1742 3847 gratuito
1778 3759 2035 3826 habitas
2096 3758 2361 3825 scholas
2403 3754 2846 3843 requirebant.
2896 3755 3071 3820 Pau-

638 3860 820 3926 latim
879 3872 1340 3930 extraneorum
1396 3864 1870 3951 discipulorum
1940 3862 2362 3931 decrescente
2422 3880 2721 3939 numero,
2788 3878 2869 3924 ea
2918 3876 3073 3945 pars

639 3967 883 4034 civium
904 3972 1016 4056 qui
1037 3970 1378 4037 conductis
1404 3970 1759 4044 domiciliis
1802 3979 1915 4037 aut
1952 3979 2098 4037 acto
2148 3978 2445 4036 mercatu
2472 3969 2679 4034 vitam
2701 3964 3075 4032 tolerabant

639 4093 782 4140 rem
824 4077 999 4143 male
1049 4077 1393 4167 gerebant.
1435 4080 1515 4145 In
1559 4079 1859 4165 proximo
1908 4087 2147 4157 autem,
2196 4076 2477 4163 Dilingae
2504 4074 2617 4163 (2),
2656 4072 2773 4141 ubi
2807 4073 2845 4138 J
2850 4070 3072 4138 esuitis

639 4180 1023 4251 sollicitudo
1071 4185 1265 4252 nulla
1303 4194 1548 4253 structa
1577 4186 1819 4264 fuerat,
1864 4185 2018 4252 satis
2062 4182 2403 4252 constabat
2440 4192 2573 4249 tam
2612 4198 2924 4269 magnum
2954 4178 2992 4243 J
2998 4198 3071 4243 u-

637 4312 882 4359 venum
932 4311 1326 4360 concursum
1371 4314 1512 4361 esse
1548 4302 1621 4360 ut
1659 4293 2035 4360 scholarum
2077 4290 2326 4358 aedibus
2363 4289 2807 4358 accessionem
2839 4284 3069 4374 adjun-

639 4418 798 4485 gere
821 4418 1090 4467 necesse
1115 4402 1366 4480 fuisset.
2806 4388 2811 4391 ¹

744 4658 798 4715 1.
836 4657 1118 4727 Mederer,
1148 4658 1227 4728 11,
1260 4660 1348 4719 10.

744 4737 800 4795 2.
840 4740 955 4798 Hic
983 4739 1054 4798 de
1070 4740 1314 4810 collegio
1333 4740 1524 4813 agitur
1550 4755 1586 4797 a
1609 4734 1842 4797 canisio
1870 4754 1962 4829 an.
1998 4734 2135 4799 1563
2162 4732 2407 4810 Dilingoe
2434 4731 2691 4795 fundato.
