3564 5588
1614 1253 1732 1319 111
1798 1277 1841 1334 f

445 1551 508 1596 De
541 1551 799 1602 reformatis.
826 1555 923 1607 post.
953 1551 1188 1595 adrentum
1220 1552 1397 1595 Patrum
1423 1564 1446 1594 e
1471 1551 1690 1595 Societate
1723 1551 1843 1601 Iesu,
1879 1551 2123 1606 disciplina,
2151 1551 2357 1602 moribus,
2390 1552 2544 1596 studiis
2570 1564 2580 1594 :
2607 1557 2652 1596 et
2685 1552 2891 1597 eminenti

551 1621 596 1666 in
619 1623 840 1678 superiore
863 1622 1092 1666 Germania
1115 1621 1466 1677 Ingolstadiensis
1497 1621 1748 1672 Academiae,
1775 1634 1908 1678 quum
1933 1626 2111 1678 propter
2134 1625 2425 1666 restauratam
2449 1623 2707 1667 catholicam
2735 1623 2865 1668 tidem

553 1698 643 1739 tum
665 1695 721 1740 ob
741 1706 893 1740 novam
917 1695 1156 1740 studiorum
1179 1693 1419 1739 adhibitam
1443 1693 1672 1744 rationem,
1698 1694 1853 1748 gradu.

533 1995 785 2062 Eodem
826 1997 968 2085 ipso
1023 2015 1194 2062 anno
1237 2015 1364 2082 quo
1423 1997 1486 2062 J.
1531 1993 1785 2062 Eckius
1828 2000 2125 2061 mortuus
2173 2000 2301 2074 est,
2366 1995 2649 2082 promoti
2702 1999 2891 2074 sunt,
2939 2051 2947 2058 .

445 2124 670 2170 mense
707 2104 986 2183 octobri,
1015 2103 1142 2170 duo
1169 2104 1494 2170 doctoreS.
1527 2104 1646 2168 His
1676 2102 2061 2169 solennibus
2083 2103 2345 2189 legatus
2366 2102 2565 2189 Papae
2598 2103 2686 2169 R.
2709 2103 2894 2168 Van-

448 2212 702 2296 kopius
737 2211 1064 2298 praesedit,
1106 2222 1170 2278 et
1216 2232 1303 2278 ex
1343 2211 1508 2277 actis
1558 2210 1923 2276 Facultatis
1968 2210 2388 2296 Theologicae
2428 2218 2683 2277 constat
2726 2210 2897 2276 inter

445 2339 560 2384 eos
579 2320 690 2405 qui
706 2318 973 2407 praesuli
997 2320 1468 2385 comitarentur
1497 2317 1888 2384 Claudi-am
1914 2317 2159 2382 Jaium
2189 2316 2312 2384 eS.
2338 2317 2404 2382 J.
2422 2317 2481 2381 A
2498 2316 2894 2402 llobroyem

447 2427 798 2493 exstitisse.
828 2427 976 2493 Jam
1004 2425 1260 2492 duobus
1303 2431 1502 2491 antea
1541 2425 1730 2491 annis
1767 2425 1839 2489 in
1876 2426 2226 2491 Bavariam
2258 2444 2402 2490 sese
2442 2425 2625 2490 Jaius
2659 2429 2896 2491 contu-

444 2533 665 2617 lerat3
719 2533 1108 2622 Ingolstadii
1153 2538 1316 2600 tunc
1348 2537 1640 2600 moratus
1673 2537 1774 2598 est
1826 2557 1859 2592 α
1898 2541 1962 2598 et
2006 2532 2381 2598 volentibus
2412 2531 2899 2618 professoribus

447 2641 823 2708 Academiae
855 2669 916 2720 ι»,
957 2641 1174 2707 media
1209 2641 1626 2726 insequentis,
1655 2640 1811 2705 anni
1856 2643 2083 2704 aestate
2116 2637 2337 2726 (1544)
2381 2659 2605 2705 sacras
2639 2639 2901 2705 litteras

446 2747 714 2836 publice
767 2749 1188 2837 interpretari
1238 2749 1505 2836 inoaepit
1556 2747 1672 2836 (1).
1727 2747 1834 2813 Ex
1883 2746 2139 2813 Mederi
2181 2746 2671 2813 commentariis
2720 2745 2900 2814 haud

450 2854 563 2921 diu
585 2857 973 2945 Ingolstadii
1002 2858 1038 2923 J
1044 2856 1186 2922 aius
1210 2856 1497 2939 exstitit3
1527 2860 1698 2921 teste
1725 2859 1950 2921 autem
1981 2854 2039 2918 A
2044 2854 2248 2940 yrico
2260 2852 2331 2921 ld
2356 2852 2468 2940 (2),
2498 2853 2662 2920 duos
2688 2854 2899 2920 ferme

448 2984 656 3031 annos
709 2964 799 3030 ibi
855 2968 1150 3031 moratus
1211 2967 1334 3040 est,
1399 2968 1467 3028 et
1527 2982 1568 3028 a
1629 2962 1887 3029 caeteris
1952 2960 2331 3027 Academiae
2390 2959 2913 3047 professoribuS.

448 3071 746 3155 quamvis
771 3070 1182 3138 doctoratum
1213 3069 1506 3136 nondum
1541 3070 1976 3155 impetrasset,
2010 3067 2213 3134 valde
2250 3067 2569 3132 invitatus
2598 3070 2700 3132 est
2733 3068 2901 3132 utin

449 3178 512 3243 J.
559 3178 749 3244 Eckii
792 3179 1015 3245 locum
1066 3177 1453 3244 succederet
1508 3175 1620 3262 (3).
1675 3176 1891 3250 Quum
1941 3177 2185 3251 autem,
2242 3174 2483 3240 iterum
2540 3178 2609 3239 et
2662 3174 2900 3260 saepius

564 3420 610 3474 t.
652 3416 932 3484 Mederer‚
965 3416 1014 3483 Ι,
1055 3417 1174 3475 188.

556 3498 604 3555 2.
651 3498 912 3569 Ignatius
961 3497 1254 3569 Agricola.
1313 3495 1592 3554 Historia
1641 3496 1968 3569 provinciae
2016 3494 2334 3551 Soce‘etatis
2380 3498 2514 3551 Jesu
2564 3492 2899 3550 Germaniae

446 3578 794 3650 superioris.
831 3578 866 3634 2
904 3578 1020 3633 vol.
1057 3577 1250 3632 in-rot.
1283 3574 1571 3647 Augustae
1603 3576 1675 3633 V.
1713 3576 1872 3634 1727.

557 3660 588 3717 3
647 3658 772 3714 Etsi
804 3658 1015 3720 nullam
1050 3658 1134 3713 rei
1177 3658 1531 3713 mentionem
1557 3655 1614 3712 in
1646 3656 1981 3712 Annalibus
2008 3657 2142 3711 licet
2166 3654 2614 3728 deprehendero,
2652 3670 2764 3711 non
2792 3654 2901 3711 du-

448 3738 609 3793 bium
637 3756 771 3795 esse
791 3738 1016 3795 videtur
1043 3739 1204 3810 quin,
1236 3740 1304 3793 ea
1330 3744 1518 3804 aetate,
1544 3736 1603 3792 in
1635 3738 2029 3809 suspicionem
2057 3737 2347 3792 haereseos
2374 3734 2695 3792 Academia
2722 3752 2903 3801 venc-

450 3820 542 3875 rit.
579 3840 604 3872 α
636 3819 811 3875 Bo'ica
842 3818 1094 3889 nutabat,
1128 3821 1326 3889 etjam
1356 3810 1853 3889 anceps'haerebat
1882 3817 1939 3873 in
1971 3834 2143 3889 quam
2172 3833 2237 3872 se
2284 3816 2839 3889 parteminclinaret.
2870 3838 2897 3864 »ι

449 3900 653 3972 (nath.
685 3899 974 3957 Raderus.
1011 3904 1097 3956 De
1128 3898 1279 3955 Vita
1304 3898 1466 3955 Petri
1495 3898 1727 3955 canisii
1763 3896 1838 3954 de
1866 3898 2160 3956 Societate
2191 3900 2327 3954 Jesu
2350 3898 2650 3953 sociorum
2686 3912 2718 3953 e
2750 3898 2899 3953 Ger-

449 3979 666 4036 manici
686 3980 942 4053 primi...
972 3979 1334 4053 Antuerpiae‚
1359 3979 1542 4037 1615.)

551 4059 683 4115 Non
714 4060 868 4133 quod
898 4062 1154 4134 profecto
1185 4062 1354 4133 plena
1381 4058 1528 4115 fides
1570 4059 1644 4116 iis
1675 4058 2014 4116 auctoribus
2040 4059 2336 4127 debeatur,
2365 4076 2615 4133 quorum
2644 4055 2895 4116 maxime

447 4140 757 4197 interesset
792 4142 917 4197 hoec
943 4142 1137 4197 omnia
1165 4142 1222 4197 in
1265 4142 1454 4211 majus
1480 4140 1764 4213 accipere.
1801 4139 1886 4200 Eo
1913 4146 2103 4197 tamen
2132 4141 2411 4213 temporis
2437 4146 2755 4207 momento,
2786 4155 2901 4211 quo

447 4226 670 4276 certum
704 4222 1006 4293 utriusque
1037 4221 1167 4277 fidei
1207 4220 1519 4276 discrimen
1553 4220 1738 4275 facere
1769 4227 1893 4276 erat.
1931 4238 2267 4293 operosum,
2300 4220 2391 4277 vix
2424 4225 2515 4277 est
2543 4220 2898 4277 credendum

449 4301 811 4372 professores
834 4319 1038 4358 omnes
1067 4302 1359 4379 han-oscos
1387 4301 1514 4356 labe
1543 4302 1782 4357 omnino
1806 4317 2081 4375 caruisse.
2117 4302 2728 4373 Quantulumcumque
2757 4300 2903 4356 fuis·

450 4387 542 4436 set
596 4374 938 4452 periculum,
990 4399 1168 4438 causa
1224 4388 1348 4437 erat
1408 4397 1514 4436 cur
1576 4382 1855 4437 attentius
1896 4380 2176 4438 Catholici
2228 4383 2613 4453 invigilarent.
2668 4381 2903 4437 Asscrit

449 4459 846 4518 Falskenstein
879 4464 953 4536 (p.
989 4462 1110 4537 533)
1143 4461 1378 4517 Lutheri
1415 4461 1673 4517 fautores
1707 4462 1985 4534 quosdam
2030 4479 2163 4518 sese
2192 4462 2251 4518 in
2283 4462 2660 4519 Academiam
2703 4460 2903 4531 Ingol·
2944 4506 2949 4512 .

448 4542 800 4598 stadiensem
822 4542 1165 4599 insinuasse.
1200 4571 1268 4583 --
1294 4542 1410 4597 His
1437 4542 1649 4597 similia
1671 4542 1907 4614 scripsit
1930 4542 2349 4600 Adlzreitterus
2372 4542 2525 4615 (pars
2545 4540 2623 4610 11,
2650 4558 2707 4615 p.
2730 4540 2859 4611 259)
2888 4561 2900 4595 t

452 4640 480 4669 (ι
533 4622 814 4691 gliscente
851 4624 1125 4697 paulatim
1177 4623 1236 4679 in
1281 4623 1466 4695 ipsam
1515 4622 1644 4677 fidei
1697 4620 2066 4679 defendendae
2113 4639 2304 4679 arcem
2377 4620 2900 4695 lngolstadiensein

452 4700 894 4760 Academiam...
937 4724 962 4754 ι
