3564 5588
1533 663 1539 670 ,
1611 618 1694 628 -
1743 602 2004 650 xxxv1
2050 621 2135 630 ——

649 748 954 815 Decanus
983 747 1242 814 Artium
1279 755 1765 813 convocaverat
1809 767 1936 832 quo
1980 745 2308 834 magistris
2350 743 2653 811 omnibus
2704 744 3099 832 praeciperet

648 862 722 922 ut
753 883 786 916 ‹
817 856 1091 921 Lutheri
1114 855 1441 921 novitates
1479 880 1513 913 >
1546 852 1906 940 diligenter
1938 854 2269 920 evitarent
2298 851 2410 940 (1).

733 964 929 1029 Anno
966 972 1185 1028 tamen
1221 959 1390 1028 1523
1425 981 1498 1026 re
1534 961 1858 1048 singulari
1906 965 2317 1048 compertum
2355 965 2455 1026 est
2490 981 2683 1047 quem
2724 961 2794 1025 in
2826 959 3093 1026 modum

645 1070 935 1136 omnium
969 1069 1169 1134 animi
1202 1067 1520 1134 doctrinis
1561 1069 1746 1134 novis
1785 1069 2307 1155 exagitarentur,
2332 1067 2665 1154 multaque
2702 1067 3094 1154 Ingolstadii

643 1176 988 1242 admiratio
1004 1183 1180 1241 mota
1196 1183 1314 1240 est.
1331 1174 1551 1240 Medio
1568 1195 1796 1241 mense
1813 1174 2191 1260 septembri,
2208 1169 2450 1240 mulier
2461 1171 2785 1261 quaedam,
2802 1174 3096 1259 Aryula

639 1283 726 1349 de
741 1283 964 1351 Grum
973 1281 1168 1361 bach,
1195 1286 1370 1348 nata
1392 1281 1476 1348 de
1492 1281 1744 1366 Stauff
1752 1281 1865 1367 (2),
1887 1303 2032 1367 quae
2052 1280 2425 1347 avidissime
2442 1281 2717 1347 Lutheri
2740 1267 3091 1347 Melanch-

631 1390 984 1475 thonisque
1014 1409 1218 1476 opera
1240 1390 1522 1476 legerat,
1550 1388 1803 1453 litteras
1837 1388 1921 1453 ad
1951 1389 2308 1455 Rectorem
2344 1392 2780 1472 senatumque
2819 1386 3088 1453 Acade-

640 1497 881 1566 micum
922 1498 1129 1576 misit,
1176 1495 1412 1582 quibus
1451 1504 1843 1581 quereretur
1895 1493 2071 1580 quod
2116 1493 2455 1561 crudelius
2496 1516 2649 1561 cum
2702 1493 3085 1573 SeehoferO,

645 1630 679 1664 ‹
713 1603 1082 1670 octodecim
1117 1624 1438 1669 annorum
1475 1602 1748 1690 juvene,
1794 1629 1828 1662 >
1875 1606 2096 1667 actum
2144 1602 2406 1674 fuisset,
2464 1621 2663 1687 seque
2712 1600 3092 1667 declararet

639 1711 875 1777 libenti
921 1711 1138 1777 animo
1182 1720 1413 1777 contra
1456 1710 1935 1776 Academicum
1960 1709 2321 1795 quemlibet
2376 1708 2771 1787 ‹Idiomate
2812 1707 3090 1773 Germa-

637 1819 792 1885 nico
823 1844 858 1879 »
895 1817 1399 1905 disputationem
1437 1817 1578 1884 fore
1619 1819 2089 1904 ingressuram.
2137 1817 2301 1882 Risu
2340 1837 2381 1881 a
2407 1815 2770 1896 nonnulliS,
2817 1815 2900 1882 ab
2940 1815 3089 1880 aliis

640 1926 1208 1992 commiseratione
1241 1926 1482 1991 litterae
1519 1928 1816 2011 exceptae
1848 1924 2143 1989 fuerunt.

727 2032 1036 2100 Attamen
1067 2033 1147 2098 de
1198 2033 1302 2098 die
1350 2033 1418 2098 in
1466 2031 1638 2098 diem
1685 2033 1901 2096 rarius
1946 2041 2179 2097 contra
2229 2031 2665 2098 Academicos
2711 2031 3089 2098 adhibenda

637 2141 761 2208 fuit
787 2141 1140 2223 severitas3
1175 2139 1412 2226 quippe
1460 2160 1661 2225 quum
1700 2140 2049 2206 intentiore
2095 2141 2257 2205 cura
2310 2139 2740 2206 Academiam
2787 2139 3085 2205 Bavariae

638 2249 819 2315 Duce
851 2257 1252 2324 asservante,
1291 2248 1475 2333 quasi
1501 2267 1622 2312 arx
1651 2247 1999 2312 catholicae
2029 2245 2183 2312 fidei
2222 2246 2744 2333 Ingolstadiense
2798 2245 3084 2312 studium

636 2362 1081 2440 permaneret.
1133 2355 1334 2420 Brevi
1383 2364 1609 2440 postea
1657 2355 2099 2440 integerrimae
2142 2352 2296 2420 fidei
2338 2355 2584 2420 famam
2633 2354 2701 2419 in
2730 2353 3088 2419 Germania

636 2464 776 2528 tota
803 2471 1244 2528 consecutum.
1259 2470 1376 2540 est,
1401 2463 1721 2546 totiusque
1749 2461 2049 2526 Bavariae
2079 2463 2262 2547 quasi
2292 2471 2508 2528 custos
2536 2469 2631 2526 est
2654 2461 3079 2526 collocatum.

637 2566 834 2635 Anno
889 2567 1059 2636 1529
1107 2570 1254 2635 Dux
1305 2589 1340 2633 e
1390 2569 1672 2634 Bavaria
1699 2567 2077 2634 sacerdotes
2118 2569 2485 2654 ¹nonnullos
2534 2569 2810 2654 expulit,
2846 2569 2954 2653 qui
3001 2567 3085 2632 ad

639 2695 862 2741 sacras
917 2676 1271 2742 conciones
1326 2695 1550 2741 coram
1603 2673 1801 2760 plebe
1856 2675 2196 2740 habendas
2260 2667 2790 2742 Lutheranorum
2857 2674 3076 2751 libris,

640 2783 1004 2849 vernaculo
1034 2804 1336 2849 sermone
1383 2782 1641 2859 habitis,
1688 2786 2036 2848 uterentur
2077 2779 2202 2870 (3);
2244 2804 2322 2849 eo
2372 2783 2627 2850 scilicet
2658 2783 3082 2850 excusatione

625 2891 845 2978 digni,
875 2900 948 2957 ut
985 2893 1076 2955 ait
1114 2892 1384 2969 Eckius,
1429 2890 1601 2976 quod
1658 2916 1693 2950 α
1734 2889 1800 2955 id
1841 2892 2139 2956 facerent
2183 2890 2265 2955 ob
2298 2892 2642 2977 penuriam
2692 2891 3082 2957 Sermonum

646 3022 678 3056 «
721 2996 1130 3064 Germanicae
1182 2997 1454 3085 linguae.
1487 3024 1522 3058 »
1582 2998 1753 3062 Dare
1811 2998 2011 3084 igitur
2065 3017 2335 3084 operam
2386 2998 2669 3084 oportuit
2710 3002 2785 3063 ut
2822 2996 3077 3075 iisdem,

640 3104 874 3187 quibus
921 3105 1043 3191 ipsi
1093 3110 1459 3184 uterentur,
1517 3106 1714 3169 armis
1768 3104 2133 3169 Lutherani
2181 3104 2712 3191 repellerentur3
2752 3125 3081 3190 quumque

640 3210 848 3276 Eckio
879 3212 1216 3299 negotium
1248 3211 1398 3278 Dux
1428 3212 1714 3278 dedisset
1747 3217 1827 3277 ut
1867 3237 1902 3271 α
1932 3211 2284 3277 Sermones
2330 3212 2399 3276 in
2442 3211 2676 3299 lingua
2719 3212 3083 3277 vernacula

644 3342 678 3397 ς
710 3316 960 3396 ederet,
985 3343 1020 3377 »
1048 3317 1564 3385 declamationes
1584 3320 1936 3405 populares
1959 3317 2039 3383 de
2057 3328 2351 3404 tempore
2382 3327 2446 3384 et
2469 3318 2713 3383 sanctis
2738 3318 2940 3383 edidit
2958 3315 3074 3405 (4).

638 3423 735 3489 Eo
765 3422 1127 3490 accedebat
1159 3435 1228 3490 ut
1259 3447 1344 3491 ex
1371 3425 1746 3491 Academiis
1790 3426 2092 3492 omnibus
2132 3425 2216 3492 ad
2245 3426 2524 3491 Lutheri
2544 3435 2765 3512 partes
2792 3444 3078 3511 vergen-

636 3528 824 3595 tibus
868 3531 1272 3616 professores
1338 3531 1639 3599 nonnulli
1693 3532 1774 3596 ad
1836 3531 2430 3620 Iugolstadiensem
2485 3534 2915 3619 emigrarent,
2981 3541 3073 3609 ut,

637 3655 812 3702 anno
867 3636 1059 3717 1534,
1095 3640 1213 3703 iste
1240 3639 1554 3716 Lennius‚
1601 3641 1711 3723 qui
1749 3638 1923 3726 apud
1966 3639 2617 3727 Wittenbergenseni
2652 3638 3077 3705 Academiam

634 3742 998 3809 Lutherum
1023 3745 1451 3811 vehementer
1478 3744 1642 3811 adeo
1682 3756 1824 3811 erat
1855 3736 2226 3835 aggressuS,
2259 3757 2330 3813 ut
2365 3767 2406 3812 a
2453 3749 2769 3814 Rotmaro
2819 3772 2855 3807 <
2886 3766 3074 3812 acer-

635 3874 671 3909 <
717 3851 922 3917 rimus
946 3852 1543 3938 Lutheromastyoe
1572 3880 1606 3914 »
1639 3858 2060 3940 nuncupatus
2091 3856 2197 3933 sit.

662 3959 666 3963 '
719 3958 776 4021 Ii
813 3963 1047 4024 contra
1075 3979 1301 4025 omnes
1327 3960 1438 4044 qui
1475 3962 1544 4025 in
1593 3961 2031 4047 suspicionem
2084 3962 2412 4029 haereseos
2467 3964 2859 4041 inciderant,
2930 3963 3075 4048 qui-

628 4052 1042 4154 busque'jam
1070 4087 1205 4133 non
1239 4087 1380 4133 esse
1414 4066 1482 4132 in
1520 4068 1732 4134 medio
1768 4068 2035 4148 licebat,
2070 4090 2155 4136 ex
2187 4070 2588 4157 Ingolstadio
2615 4069 3061 4149 discedebant,

726 4306 789 4445 ἑ..
815 4306 1468 4449 ἕρῗὲὲθῑιιῖοξῐοιέιέὃραῑιῖε
1492 4390 1571 4457 ΙΙ,
1600 4409 1651 4463 p.
1681 4390 1808 4448 244.
1832 4390 1927 4447 Ad
1952 4392 2242 4464 publicam
2267 4392 2717 4465 disputationem
2742 4395 2800 4451 J.
2830 4394 3069 4451 Eckium

618 4466 1051 4605 ifgsvzlietitvitavit,
1086 4478 1143 4527 et
1188 4471 1336 4527 Duci
1376 4471 1686 4527 Guillelmo
1723 4473 1932 4529 litteris
1962 4471 2161 4529 missis
2196 4476 2469 4547 praecepit
2497 4481 2561 4531 ut
2602 4474 2840 4532 Lutheri
2872 4484 3065 4549 partes

723 4628 774 4684 3.
815 4592 1074 4703 Ii'pz‘stol.
1106 4633 1282 4689 Eolcii
1309 4634 1383 4690 de
1408 4635 1596 4691 ratio,
1639 4634 1902 4692 studior.

723 4712 770 4765 4.
813 4711 1010 4784 Epist.
1041 4714 1211 4769 Echio·
1236 4714 1310 4770 de
1340 4720 1460 4771 rat.
1486 4714 1645 4771 stud.
