3564 5588
1463 593 1873 638 —xlx—

439 757 474 793 ‹
524 741 745 798 autem
781 733 1054 800 sicarios
1085 733 1419 818 vocasset3
1456 753 1578 800 sex
1611 741 1677 800 et
1709 733 2059 822 sexaginta
2085 735 2263 802 viros
2296 735 2495 801 armis
2535 737 2887 806 instructos
2986 755 2989 758 ’

443 864 478 900 ‹
525 841 594 905 in
633 861 819 906 suam
848 841 1132 907 Locheri
1161 841 1411 907 caedem
1438 851 1501 907 et
1531 842 1976 908 calamitatem
2006 843 2391 909 armavisset
2418 841 2535 932 (l).
2566 869 2603 905 ›

525 948 674 1015 Nec
705 957 893 1014 erant
934 968 1014 1013 ea
1043 949 1215 1028 inter
1248 947 1617 1037 Theologos
1649 970 1987 1036 novosque
2015 951 2419 1038 professores
2450 951 2729 1031 discidia
2761 953 2885 1020 im-

435 1057 741 1143 provisa:
764 1055 1022 1144 jamdiu
1059 1057 1234 1122 enim
1264 1058 1718 1124 molestissime
1742 1059 1986 1125 tulerat
2008 1057 2207 1124 Celtis
2234 1085 2269 1120 ‹
2296 1059 2563 1146 publice
2589 1061 2659 1125 in
2684 1063 2890 1128 sacris
3000 1049 3015 1072 ⁸

441 1189 476 1224 ς
508 1163 758 1229 aedibus
786 1163 992 1251 vulgo
1020 1164 1090 1229 in
1119 1164 1342 1232 odium
1375 1163 1478 1231 sui
1507 1166 1877 1252 praedicari,
1908 1165 2077 1231 nihil
2109 1187 2149 1231 a
2177 1167 2501 1254 religione
2532 1168 2891 1236 christiana
2938 1171 2946 1179 '

441 1297 476 1332 ς
523 1271 863 1358 profanius
903 1291 1044 1338 esse
1091 1293 1287 1358 quam
1315 1283 1554 1361 poetas
1601 1275 1844 1362 legisse
1895 1283 1959 1339 et
1998 1274 2325 1340 audivisse
2370 1273 2487 1364 (2).
2520 1303 2555 1337 ›
2605 1277 2685 1342 In
2725 1277 2889 1346 duas

437 1399 594 1466 ergo
625 1388 847 1465 partes
880 1379 1094 1446 divisa
1130 1390 1227 1446 est
1258 1381 1646 1476 Academia,
1685 1381 1864 1452 etde
1907 1408 1942 1443 ‹
1984 1382 2362 1469 Zingolensi
2404 1383 2689 1450 factione
2720 1382 2885 1474 (3)›

435 1487 727 1575 graviter
771 1489 1067 1573 queritur
1115 1489 1480 1555 L'ocherus.
1527 1489 1636 1554 Ad
1671 1498 2038 1555 extremum
2079 1490 2357 1576 Zingelii
2400 1500 2619 1576 partes
2666 1511 2885 1558 cesse-

431 1603 622 1679 runt3
667 1604 732 1660 et
775 1596 991 1681 poesis
1037 1596 1544 1682 eloquentiaque
1585 1597 1770 1683 quasi
1810 1597 2077 1662 civitate
2119 1598 2187 1662 in
2232 1597 2599 1664 Academia
2637 1599 2884 1667 condo·

430 1712 602 1768 natae
630 1713 803 1769 sunt.
831 1703 1028 1769 Haud
1053 1705 1270 1769 minus
1297 1705 1472 1771 enim
1501 1705 1804 1771 Ciceroni
1836 1725 2035 1790 quam
2058 1706 2331 1772 Horatio
2370 1725 2441 1770 80
2470 1713 2674 1772 10111111
2702 1706 2885 1774 dica-

429 1819 618 1877 verat
640 1811 984 1877 Locherus
1008 1837 1043 1872 ‹
1065 1811 1717 1897 Compendiumque
1742 1811 2149 1880 Rhetorices
2166 1811 2257 1901 (4)
2272 1839 2307 1873 ›
2335 1814 2519 1899 quasi
2545 1815 2886 1880 materiam

429 1919 823 1986 lectionibus
877 1920 1010 1985 suis
1067 1921 1635 2007 suppeditaturum
1685 1920 2007 1987 ediderat.
2054 1947 2089 1982 ‹
2132 1920 2498 1988 Oratorem
2548 1921 2887 1989 'Ciceronis

435 2052 470 2087 ‹
517 2026 1004 2093 studiosissimis
1061 2027 1493 2108 auditoribuS,
1557 2048 1694 2094 non
1749 2029 1891 2094 sine
1941 2048 2183 2115 magno
2236 2028 2469 2095 labore
2522 2054 2557 2089 ›
2622 2029 2703 2094 ab
2765 2030 2885 2096 illo

431 2134 630 2202 fuisse
662 2136 1091 2221 explanatum
1126 2146 1380 2202 constat
1413 2129 1545 2224 (5).'
1573 2136 1811 2222 Operae
1836 2137 2125 2223 pretium
2156 2146 2251 2202 est
2282 2135 2481 2202 Celtis
2514 2145 2579 2202 et
2602 2137 2884 2204 Locheri

431 2241 822 2310 Rhetorices
847 2243 1252 2330 Compendi'a
1287 2245 1461 2310 inter
1491 2265 1562 2310 se
1593 2245 1937 2310 conferre:
1970 2245 2139 2309 nihil
2174 2244 2461 2310 Locheri
2501 2243 2885 2311 Enchiridio

429 2359 640 2437 potest
669 2371 812 2417 esse
845 2351 1126 2419 nudius:
1171 2353 1400 2420 omnia·
1425 2352 1507 2428 in,
1525 2355 1747 2438 partes
1784 2351 2051 2418 diducta
2084 2361 2257 2430 sunt,
2288 2353 2359 2417 in
2386 2353 2641 2438 species
2677 2351 2881 2418 artifi-
2915 2417 2919 2422 ,

431 2459 608 2524 01080
636 2467 899 2544 secata3
933 2479 1061 2526 nec
1092 2469 1232 2526 arte
1269 2459 1416 2526 ulla
1462 2468 1573 2524 aut
1605 2459 1926 2525 sermonis
1964 2459 2299 2546 elegantia
2324 2459 2469 2525 haec
2511 2459 2735 2550 inopia
2770 2479 2881 2526 re-

427 2574 770 2653 pensatur.-
823 2567 1200 2635 oratorium
1254 2567 1584 2653 quoddam
1637 2569 1707 2633 in
1735 2566 1961 2633 'Celtis
2014 2567 2333 2653 opusculo
2386 2566 2664 2652 sentias·,
2715 2566 2884 2632 nihil

428 2684 648 2741 autem
677 2674 804 2740 nisi
833 2675 1214 2742 technicum
1239 2675 1416 2762 apud
1442 2675 1821 2742 Locherum
1846 2675 2141 2762 reperias
2168 2672 2287 2763 (6).

517 2783 648 2851 Seu
678 2791 948 2871 propter
976 2783 1240 2850 insitam
1266 2780 1478 2850 indoli
1517 2804 1654 2849 suae
1687 2781 2133 2862 iracundiam,
2173 2802 2289 2847 seu
2322 2780 2475 2869 quia
2510 2779 2883 2849 auditorum

425 2892 655 2959 favore
678 2890 1105 2971 innitebatur,
1130 2911 1248 2959 suo
1268 2892 1533 2958 omnino
1551 2892 1872 2958 arbitratu
1889 2891 2232 2958 Locherus
2253 2892 2322 2956 in
2339 2890 2706 2957 Academia
2724 2912 2880 2979 age-
2971 2978 2977 2983 ¹

427 2998 563 3079 bat,
599 3020 726 3067 nec
748 3001 1029 3085 statutis,
1055 3001 1405 3068 occasione
1426 3000 1628 3078 omni,
1659 2998 2178 3086 obtemperabat.
2206 2998 2403 3065 Anno
2435 2984 2605 3065 1506
2628 2998 2881 3065 mulcta

425 3106 471 3175 2
505 3106 911 3176 florenorum
972 3108 1249 3175 consilio
1297 3108 1756 3174 Universitatis
1786 3106 2143 3175 'damnatus
2186 3116 2316 3186 est,
2364 3106 2539 3192 quod
2584 3132 2633 3167 ‹»
2660 3104 2877 3192 spreto

432 3240 467 3275 ‹
503 3214 768 3281 senatus
802 3215 1115 3297 mandato
1148 3224 1214 3281 et
1241 3224 1473 3299 contra
1505 3214 1921 3281 observatam
1954 3214 2278 3281 hactenus
2304 3212 2871 3292 consuetudinem,

403 3326 466 3382 '‹
507 3324 702 3409 pulsu
733 3311 1072 3410 campanae
1097 3322 1182 3389 ad
1211 3323 1534 3391 lectiones
1557 3343 1710 3391 suas
1736 3323 1998 3410 signum
2032 3321 2319 3389 dedisset
2350 3319 2463 3409 (7).
2502 3346 2537 3381 ›

531 3605 588 3742 ἐζ..
627 3598 1164 3759 ἕεῖῗέῗᾶἑὲἕῖφῖἰε
1199 3684 1273 3740 ad
1299 3682 1779 3740 Maximilianum.
1816 3713 1877 3723 —
1905 3678 1987 3741 Ut
2018 3682 2344 3739 mitioribus
2362 3680 2558 3738 verbis
2584 3685 2872 3755 tempera·

427 3772 514 3823 ret
548 3766 796 3833 animos,
825 3766 1086 3822 libellum
1129 3764 1308 3822 Celtis
1335 3764 1514 3823 edidit
1551 3785 1568 3820 t
1611 3784 1639 3818 «t
1669 3768 2011 3821 Parnassus
2030 3763 2259 3837 {biceps,
2298 3760 2375 3820 in
2408 3779 2521 3839 quo
2554 3766 2775 3837 poetas
2815 3768 2877 3819 et

431 3846 748 3921 Theoloqos
771 3847 1133 3905 conciliat.»
1425 3886 1431 3903 .

532 3930 584 3987 3.
630 3927 903 3987 «.Jacob
936 3933 980 3984 1
986 3928 1208 3993 ocheri,
1247 3928 1442 4000 Suevi,
1484 3928 1547 3984 in
1585 3926 2106 4001 anticateqoriam
2146 3926 2415 3983 Rectoris
2452 3924 2767 4000 cujusdam
2815 3930 2876 3983 et

425 3988 803 4067 conciliabuli
838 4007 1344 4084 Inqolstadiensis.
1388 4030 1417 4062 ι»

533 4091 585 4148 4.
625 4088 846 4147 Eodem
874 4098 1134 4161 tempore
1162 4106 1334 4162 quo«
1307 4065 1613 4147 «Horatii
1638 4089 1838 4147 Flacci
1868 4088 2210 4146 Venusini...
2248 4106 2452 4163 opera,
2478 4103 2612 4145 cum
2641 4087 2873 4163 quibus·

319 4222 322 4236 ,
426 4169 572 4227 dam
612 4170 1117 4236 annotationibus,
1156 4174 1289 4237 etc„
1323 4189 1350 4223 »
1383 4170 1682 4227 Locherus
1713 4170 1893 4225 edidit
1922 4189 1952 4222 «
1980 4170 2403 4243 Compendium
2440 4169 2775 4227 Rhetorices
2802 4185 2877 4225 ex

431 4251 706 4309 Tulliano
736 4250 1020 4308 thesauro
1047 4250 1367 4307 deductum
1394 4256 1455 4307 et
1483 4251 1897 4309 concionatum
1914 4266 2030 4325 per
2056 4255 2186 4309 Jac.
2218 4250 2545 4307 Locherum
2568 4248 2870 4305 Philomu-

425 4348 573 4404 sum,
608 4331 892 4391 oratoriae
917 4331 1336 4405 professorem,
1371 4332 1554 4403 1513.)

501 4376 584 4471 1'.5
627 4412 979 4485 Compendii
1003 4406 1312 4487 praefaliO.

485 4494 586 4550 6.
627 4492 990 4566 opusculum
1011 4494 1064 4566 (5
1091 4510 1222 4586 pag.
1237 4496 1250 4559 )
1279 4492 1374 4549 cui
1402 4494 1785 4551 inscribitur:
1820 4514 1847 4547 κ
1868 4490 2207 4567 Aptissima
2233 4490 2509 4567 syntaxis
2537 4492 2611 4551 de
2638 4505 2875 4567 compo

425 4572 624 4630 nenda
651 4572 1193 4646 orationafunebr
1170 4590 1190 4628 i
1223 4593 1274 4638 υ,
1301 4573 1570 4645 jejunum
1609 4573 1806 4630 minus
1834 4581 1893 4631 et
1920 4575 2271 4645 exquisitius
2299 4581 2410 4631 081.

532 4655 584 4711 7.
625 4653 906 4715 Mederer.
936 4653 985 4721 Ι,
1024 4656 1115 4712 72.
1142 4618 1274 4711 Ε181
1301 4670 1437 4710 011111
1477 4654 1742 4727 Zingelio
1785 4656 2179 4726 contenderet,
2222 4654 2600 4739 Theologiam
2646 4672 2876 4729 quoque

422 4735 647 4793 Loche1
653 4751 723 4791 118
751 4748 1068 4821 aggressus
1105 4738 1216 4803 081,
1265 4741 1324 4790 01
1360 4733 1702 4807 Ingolstadii
1729 4736 2276 4793 commentationem
2302 4736 2473 4804 hanc,
2507 4738 2877 4809 magnificam
