3564 5588
1598 590 1682 602 ···-·
1729 574 1958 620 LXXII
2005 591 2089 602 --

625 705 986 786 Bursarum
1028 716 1292 803 pessimi
1346 715 1634 802 exempli
1679 716 1967 782 licentiae
1996 714 2442 802 Collegiorum
2494 715 2810 781 successit
2864 715 3062 782 disci-

625 825 833 912 plina.
876 823 1088 912 Igitur
1122 842 1258 890 non
1287 823 1524 889 mirum
1558 830 1656 889 est
1681 823 1757 901 si,
1800 821 1987 888 brevi
2032 832 2349 909 tempore,
2404 822 2472 886 in
2524 822 2815 888 maxima
2855 823 3068 909 gratia

535 996 548 1007 ,
625 930 802 1019 apud
849 950 1077 998 omnes
1119 929 1332 997 fuere.
1386 930 1654 997 Interea
1703 929 1857 996 dum
1902 930 2079 1008 intra
2130 928 2561 995 Academiam
2606 929 2925 1016 quosdam
2981 949 3067 996 ex

624 1039 883 1127 optimis
930 1039 1065 1104 suis
1110 1036 1592 1125 professoribus
1639 1017 2095 1116 instituebant,
2146 1037 2379 1103 Patres
2434 1045 2625 1104 extra
2690 1035 3066 1104 Academiae
3110 1113 3121 1126 ,

624 1165 846 1212 muros
869 1144 1328 1234 largiebantur
1357 1144 1724 1212 doctrinam
1753 1143 1838 1210 ad
1863 1144 2051 1232 vulgi
2074 1163 2339 1211 sensum
2368 1145 2576 1232 magis
2602 1144 3062 1212 accommoda-

622 1263 780 1333 tam,
803 1262 869 1318 et
886 1273 1040 1319 suos
1060 1253 1440 1340 discipuIOS‚
1462 1253 1702 1342 minori
1721 1250 2212 1340 magnificentia
2231 1261 2296 1318 et
2314 1261 2655 1340 apparatu,
2672 1251 2757 1318 ad
2772 1252 3064 1319 diversas

620 1357 771 1426 vita‘e
834 1360 1240 1428 conditiones
1293 1360 1758 1427 informabant.
1810 1361 1916 1428 Ita
1960 1359 2114 1427 dum
2142 1359 2507 1452 Academia
2556 1358 2640 1426 ad
2693 1379 2903 1448 genus
2948 1380 3063 1427 au—

618 1467 934 1535 dientium
959 1487 1236 1535 numero
1265 1487 1670 1556 perpaucum
1698 1477 2051 1555 spectaret,
2083 1469 2205 1555 ipsi
2233 1476 2486 1547 contra,
2516 1469 2710 1534 sacra
2725 1468 3063 1554 propriam

619 1576 1075 1643 auctoritatem
1127 1584 1410 1664 augente
1452 1575 1793 1664 dignitate,
1843 1575 1987 1642 fere
2037 1575 2525 1663 discipulorum-
2554 1594 2807 1663 genera
2844 1576 3064 1642 omnia

619 1681 1216 1770 amplectebantur.
1256 1683 1486 1771 Magni
1531 1702 1690 1771 ergo
1726 1683 2001 1750 interest
2040 1692 2114 1751 ut
2151 1683 2357 1771 hujus
2406 1681 2690 1750 studiose
2736 1681 3061 1750 meditatae

619 1789 985 1877 disciplina
1032 1791 1464 1871 incrementa,
1519 1775 1738 1879 prima
1779 1789 1861 1857 ab
1911 1791 2189 1880 origine,
2246 1793 2688 1878 insequamur,
2744 1810 2889 1877 quae
2938 1790 3062 1857 sibi

617 1899 780 1964 tanti
825 1899 1136 1965 momenti
1185 1907 1250 1965 et
1289 1897 1601 1986 ponderis
1649 1899 2105 1984 auctoritatem
2152 1897 2327 1986 apud
2370 1899 2771 1966 recentiores
2832 1907 3062 1986 gentes

619 2015 760 2074 erat
785 2007 1246 2074 conciliatura.

705 2113 1246 2202 Ingolstadiensis
1307 2116 1507 2203 igitur
1555 2115 1922 2183 Academia
1972 2135 2013 2181 a
2059 2116 2381 2204 principio
2412 2118 2709 2184 instituta
2736 2137 2815 2184 eo
2842 2118 3059 2184 animo

613 2231 688 2291 ut
721 2223 1034 2310 religioni
1060 2222 1438 2309 proficeret,
1482 2242 1618 2292 non
1663 2223 1799 2290 alia
1846 2223 2181 2291 veteribus
2227 2225 2339 2311 qui
2390 2234 2693 2311 quartum
2732 2225 3061 2293 decimum

614 2331 931 2398 saeculum
1013 2339 1509 2418 perterruerant
1571 2331 1907 2400 erroribus
1928 2380 1946 2411 ,
2020 2331 2145 2397 nisi
2214 2352 2401 2399 arma
2432 2367 2437 2372 ·
2473 2342 2705 2400 vetera
2776 2334 3061 2422 primum

615 2437 936 2525 opposuit,
969 2458 1098 2505 nec
1131 2438 1352 2518 aliam,
1389 2440 1517 2505 nisi
1544 2449 1838 2506 veterem
1874 2437 2241 2506 studiorum
2277 2441 2632 2526 rationem3
2674 2442 2863 2508 novis
2898 2460 3059 2508 vero

613 2546 930 2637 periculis
989 2565 1176 2612 arma
1231 2567 1448 2632 nova„
1495 2547 1605 2632 In,
1637 2546 1826 2614 brevi
1871 2547 2055 2634 quasi
2114 2546 2391 2615 tabella'
2424 2549 2782 2638 imaginem
2840 2547 3061 2617 reddit

615 2672 868 2733 earum,
895 2653 1130 2740 quibus
1158 2653 1488 2722 laboravit
1523 2653 1903 2733 Germania,
1946 2655 2317 2724 animorum
2349 2654 2941 2744 perturbationum,
2994 2666 3060 2723 et

611 2761 898 2847 partium
927 2760 1328 2842 certaminis,
1368 2761 1439 2829 in
1461 2760 1590 2831 hoc
1617 2761 1867 2831 saeculo
1894 2761 2126 2846 habiti,
2158 2763 2499 2833 historiam
2541 2764 2777 2833 refert.
