3564 5588
1729 607 1915 650 -11
1952 601 2045 633 ’.-

761 747 911 814 Sive
955 748 1110 831 quia
1158 748 1227 811 in
1267 767 1466 810 manu
1494 749 1747 811 Ducum
1788 749 2115 824 Bavariae,
2155 748 2578 832 pertinaciter
2630 749 2905 813 Lutheri
2947 770 3101 835 par-

668 852 836 918 tibus
875 854 1310 930 infensorum,
1358 853 1556 938 plane
1591 853 1714 916 fuit
1751 853 2287 938 Ingolstadiensis
2330 854 2723 932 Academia,
2770 856 2909 920 sive
2953 857 3107 941 quia

667 959 1050 1046 Ingolstadii
1076 961 1358 1045 primum
1392 958 1704 1023 inclaruit
1737 960 1841 1023 vir
1878 961 1997 1024 ille
2026 960 2063 1023 J
2068 961 2361 1025 ohannes
2393 961 2671 1038 EckiuS,
2714 981 2840 1045 quo
2877 964 3104 1027 nullus

667 1065 862 1130 fuerit
880 1067 1048 1130 inter
1075 1065 1427 1144 Catholicae
1451 1063 1604 1128 fidei
1631 1074 2153 1150 propugnatores
2182 1086 2261 1130 eo
2288 1075 2579 1152 temporo
2600 1068 2943 1145 illustrior,
2970 1069 3103 1134 Ro-
3186 1049 3191 1068 ¹

663 1191 874 1237 manae
915 1171 1255 1256 religionis
1295 1172 1480 1256 quasi
1527 1191 1649 1235 arx
1693 1180 1755 1235 et
1804 1172 2104 1236 Bavariae
2136 1159 2719 1258 'propugnaculum
2769 1175 3100 1260 Ingolsta-

665 1276 906 1341 diensis
943 1276 1306 1354 Academia
1341 1277 1602 1342 exstitit.
1643 1278 1913 1354 Postea,
1955 1297 2155 1362 quum
2199 1276 2268 1344 in
2302 1278 2467 1346 urbe
2500 1280 2817 1364 primum,
2862 1279 3100 1348 deinde

663 1383 731 1448 in
771 1381 1134 1451 Academia
1169 1383 1394 1450 locum
1439 1383 1562 1448 sibi
1607 1382 1961 1470 elegissent
2006 1384 2243 1452 Patres
2286 1383 2627 1454 Societatis
2667 1385 2857 1465 Jesu,
2900 1387 3102 1471 vehe-

661 1489 942 1553 mentius
982 1499 1212 1554 contra
1249 1489 1661 1554 Lutheranos
1697 1489 2262 1557 Academicorum,
2287 1491 2486 1555 animi
2519 1491 2788 1557 fuerunt
2822 1494 3094 1570 incitati,

661 1605 724 1659 et
771 1605 1004 1660 contra
1047 1597 1609 1682 prope‚victrices
1656 1596 1724 1658 in
1778 1595 2101 1661 Inferiore
2160 1596 2515 1665 Germania
2572 1598 3097 1664 Lutheranorum

659 1702 881 1786 copias
910 1700 1163 1766 bellum
1192 1701 1316 1766 fuit
1349 1691 1590 1767 acriter
1622 1710 2049 1787 reportatum.
2642 1690 2646 1694 ’

749 1809 827 1871 In
866 1816 998 1872 tres
1033 1809 1233 1894 igitur
1268 1818 1493 1893 partes
1531 1808 1997 1873 dissertationis
2031 1808 2227 1894 hujus
2250 1811 2713 1894 argumentum
2745 1810 2946 1876 dividi
2975 1832 3095 1897 po-

658 1923 803 1990 test,
833 1923 1026 1999 prout
1051 1914 1135 1980 ad
1158 1909 1620 1980 humaniorum
1650 1905 2019 1979 litterarum
2048 1916 2566 1993 renovationem,
2600 1925 2709 1981 aut
2737 1917 2821 1981 ad
2852 1901 3099 1983 acerri-

657 2040 796 2084 mas
822 2021 1162 2105 religionis
1188 2022 1388 2085 causa
1413 2022 1886 2098 contentiones,
1916 2029 2025 2086 aut
2052 2020 2135 2086 ad
2165 2021 2616 2087 confirmatam
2641 2025 2709 2088 in
2737 2023 3100 2090 Academia

658 2126 930 2190 Patrum
977 2125 1316 2191 Societatis
1353 2127 1391 2190 J
1397 2146 1511 2191 esu
1554 2127 2006 2192 auctoritatem
2052 2127 2449 2192 intendimus
2493 2131 2807 2194 animum.
2856 2129 2923 2195 Si
2956 2132 3099 2214 quis

659 2233 834 2296 enim
859 2233 1175 2297 saeculum
1195 2231 1363 2298 illud
1385 2253 1425 2296 a
1441 2232 1827 2298 fundatione
1850 2234 2131 2321 primum
2151 2234 2463 2313 intuetur,
2488 2237 2875 2320 gravissima
2897 2257 3021 2322 app
3030 2258 3098 2301 a-

654 2347 804 2402 rent
850 2347 1214 2426 temporum
1253 2338 1664 2415 discrimina,
1707 2360 1940 2423 quum,
1979 2359 2149 2425 pene
2188 2341 2360 2405 intra
2403 2342 2736 2428 octoginta
2774 2362 3096 2409 annorum

655 2444 968 2529 spatium,
1015 2443 1146 2508 duo
1184 2445 1532 2530 praecipuae
1567 2443 1932 2509 studiorum
1973 2453 2166 2529 atque
2209 2447 2577 2511 animorum
2614 2448 3098 2514 immutationes

589 2581 593 2584 ·
656 2551 999 2614 evenerint
1036 2573 1051 2613 ε
1092 2569 1238 2614 eam
1271 2551 1528 2616 scilicet
1560 2550 1642 2614 de
1681 2550 2188 2636 Ingolstadiensi
2227 2551 2594 2618 Academia
2628 2553 3096 2620 disserentibus

651 2655 843 2720 nobis
875 2657 1216 2721 materiam
1247 2642 1728 2743 proposuimus.
2208 2669 2227 2678 ’
2472 2745 2475 2748 ἦ
2596 2678 2601 2682 ·

741 2763 920 2828 Raro
966 2757 1183 2828 evenit
1222 2772 1294 2829 ut
1331 2762 1841 2830 Academiarum
1877 2764 2173 2831 Annales
2206 2774 2336 2831 tam
2369 2765 2719 2853 diligenter
2746 2786 2942 2852 quam
2976 2767 3092 2833 In·-

653 2861 1128 2955 golstadienses
1163 2869 1410 2935 fuerint
1447 2870 1660 2936 editae.
1709 2872 1958 2957 Saepius
1990 2873 2197 2951 enim,
2241 2871 2325 2937 ad
2369 2873 2749 2959 exemplum
2779 2874 3093 2939 Wittem-

653 2975 1072 3061 bergensium
1103 2975 1466 3042 Annalium
1499 2998 1658 3061 quas
1691 2977 1893 3042 edidit
1926 2978 2141 3043 Suevo
2174 2976 2284 3064 (l),
2326 2999 2411 3045 ex
2443 2980 2629 3045 arida
2660 2981 3000 3046 nominum
3032 2993 3097 3048 et

650 3101 877 3146 rerum
893 3083 1510 3148 commemoratione
1531 3093 1853 3149 constant.
1888 3084 1956 3149 Si
1990 3094 2209 3149 autem
2252 3086 2878 3174 Ingolstadiensibus
2896 3088 3096 3153 rebus

651 3207 920 3273 operam
961 3188 1212 3268 damuS,
1266 3198 1759 3255 monumentum
1804 3191 2275 3277 amplissimum
2295 3242 2313 3270 ,
2368 3192 2693 3259 Annales
2733 3193 2916 3279 Inqo
2928 3196 3097 3261 Ista-

649 3294 918 3360 diensis
941 3282 1369 3373 Academiae,
1405 3296 1594 3362 nobis
1625 3294 1919 3363 offertur.
2149 3366 2155 3376 ,

617 3395 626 3405 ’
739 3400 931 3465 Circa
970 3400 1171 3466 finem
1218 3402 1412 3487 primi
1459 3422 1500 3466 a
1533 3402 1919 3468 fundatione
1957 3404 2415 3470 Universitatis
2459 3407 2722 3484 saeculi,
2772 3407 3095 3473 Martinus

650 3506 1034 3593 Eisegrinus
1070 3508 1445 3595 Theologus
1479 3507 1564 3593 (2)
1607 3519 1839 3575 auctor
1872 3510 1995 3574 fuit
2028 3519 2100 3575 ut
2138 3512 2209 3575 in
2240 3532 2447 3576 unum
2480 3532 2719 3599 corpus
2753 3514 2975 3578 omnia
3006 3514 3095 3579 ad
3191 3565 3199 3573 ,

651 3612 1244 3698 Ingolstadiensem
1259 3612 1689 3679 Academiam
1710 3616 2107 3701 pertinentia
2130 3616 2635 3697 deducerentur,
2653 3620 3095 3705 provinciam-

646 3740 775 3803 que
812 3719 998 3783 illam
1025 3720 1386 3785 Valentino
1411 3720 1748 3800 Rotmar0‚
1784 3721 2101 3787 Oratoriae
2132 3723 2487 3813 professori
2521 3724 2875 3803 ordinario,
2908 3746 3091 3791 com-

648 3827 842 3890 misit.
869 3825 1024 3891 Non
1046 3844 1128 3890 ea
1151 3846 1334 3891 mens
1359 3828 1673 3893 Rotmaro
1696 3828 1819 3893 fuit
1843 3828 2220 3894 Academiae
2245 3830 2582 3895 historiam
2604 3831 2938 3897 scribendi
2962 3830 3047 3917 (3)
3072 3856 3087 3895 ε

647 3952 912 4018 operam
937 3934 1268 4018 praecipue
1303 3932 1481 3998 dedit
1511 3943 1585 3999 ut
1620 3958 1654 3993 ‹
1686 3934 1951 3998 illorum
1986 3936 2257 4001 nomina
2283 3938 2394 4021 qui
2428 3937 2722 4003 scholam
2759 3938 3091 4024 Ingolsta-

751 4197 802 4252 1.
843 4188 1160 4253 Academia
1186 4188 1705 4267 WittebergensiS,
1729 4198 1803 4265 ab
1827 4216 1977 4255 anno
2006 4199 2380 4268 fundationis,
2405 4200 2563 4259 edid.
2590 4200 2667 4259 G.
2688 4201 2899 4274 Suev0,
2928 4203 3091 4261 1655.

642 4276 1050 4347 Wittebergae,
1084 4278 1255 4332 in-40.

745 4357 801 4412 2.
839 4356 1104 4413 Rotmari
1119 4355 1379 4427 Epistola
1401 4357 1772 4423 dedicatoria,
1795 4376 1855 4431 p.
1879 4358 1987 4414 111.
2001 4359 2117 4433 Ap.
2136 4361 2403 4418 Annales
2420 4362 2917 4435 quolstadz‘ensz‘s
2934 4366 3094 4418 Aea-

639 4436 848 4491 demz‘ae
883 4436 1253 4492 Inchodrunt
1284 4436 1421 4493 Val.
1473 4442 1793 4495 Rotmarus
1820 4443 1881 4494 et
1924 4440 2052 4498 Jole.
2096 4441 2429 4514 Emer-dus,
2464 4442 2875 4503 emendavit...
2916 4441 2976 4499 J.
3010 4441 3086 4499 N.

637 4515 921 4571 Mederer.
953 4514 1308 4587 Ingolstadii,
1349 4516 1509 4583 1782,
1540 4520 1578 4572 4
1603 4519 1710 4592 νο).
1747 4519 1915 4574 in·4⁰.

746 4594 797 4651 3.
842 4616 870 4644 α
901 4596 954 4651 Α
996 4612 1090 4651 me
1119 4596 1494 4653 tumultuarie
1537 4599 1731 4669 potius
1775 4599 1959 4655 effusa
2000 4617 2170 4671 quam
2214 4602 2430 4675 scripta
2457 4623 2503 4658 ιο.
2558 4604 2835 4673 Rotmari
2855 4601 3091 4677 praefa-

639 4676 740 4746 tio,
775 4693 836 4748 p.
869 4674 941 4731 V.
