3564 5588
1398 617 1480 628 —
1496 599 1797 687 'XXXIII
1844 615 1929 628 -··

439 741 1064 822 condemnarentur,
1086 763 1452 826 munusque
1477 743 1662 808 illam
1686 744 1754 808 in
1777 746 1984 808 totam
2001 742 2423 810 Germaniam
2445 745 2879 832 propagandi,

443 879 477 912 «
526 853 686 918 licet
729 852 972 917 invitus
1023 849 1134 937 (1),
1187 877 1220 910 >
1270 861 1344 916 ut
1401 851 1490 915 ait
1549 852 1710 937 ipse,
1780 861 2151 938 acceperat.
2210 850 2633 918 Germaniam
2684 853 2885 938 igitur

437 961 710 1042 EckiuS,
745 961 1117 1026 Ecclesiam
1152 960 1345 1026 etiam
1393 959 1841 1038 Misniensem,
1892 958 2535 1054 Merseburgensem,
2582 959 2882 1026 Brande-

437 1067 834 1158 burgensem
860 1068 1149 1132 lustrare
1187 1067 1377 1154 caepit
1413 1065 1524 1152 (2).
2023 1125 2028 1130 ,

525 1173 632 1239 Ad
661 1173 1248 1261 Ingolstadiensem
1275 1173 1704 1238 Academiam
1733 1174 1923 1240 bulla
1944 1115 2339 1260 pontificalis
2362 1174 2486 1240 fuit
2518 1173 2879 1261 deportata,

438 1280 854 1367 benigneque
897 1280 977 1346 ab
1031 1280 1332 1346 omnibus
1387 1290 1683 1368 accepta.
1741 1279 1912 1346 Aliis
1966 1290 2185 1346 autem
2234 1281 2303 1344 in
2349 1281 2729 1368 regionibus
2778 1301 2886 1348 res

439 1387 634 1453 aliter
663 1389 879 1454 cessit.
917 1387 1114 1475 Apud
1149 1408 1260 1472 eas
1289 1389 1482 1454 etiam
1533 1388 2010 1453 Universitates
2060 1408 2205 1490 quae
2250 1388 2650 1455 catholicam
2689 1388 2881 1454 fidem

439 1495 810 1560 constanter
869 1495 1282 1560 retinuerunt
1335 1504 1444 1559 aut
1502 1495 1571 1560 in
1616 1504 1953 1581 posterum
2014 1493 2355 1560 Societatis
2406 1495 2565 1560 Jesu
2614 1497 2885 1560 Patrum

439 1602 808 1666 auctoritati
861 1601 1162 1667 obnoxiae
1215 1602 1508 1679 fuerunt,
1577 1621 1709 1666 non
1772 1603 1997 1686 utique
2058 1601 2341 1688 benigne
2393 1601 2642 1687 legatio
2689 1603 2885 1667 Eckii

439 1707 660 1774 audita
690 1717 808 1774 est.
841 1709 958 1773 Die
997 1707 1080 1774 14
1111 1708 1394 1774 octobris
1427 1705 1620 1785 1520,
1654 1709 1827 1772 misit
1864 1708 2113 1774 Eckius
2164 1734 2198 1768 a<
2231 1707 2586 1795 Magnifico
2621 1707 2883 1774 domino

438 1815 708 1882 Rectori
740 1815 1140 1882 Viennensis
1175 1815 1382 1880 Studii
1428 1816 1684 1902 copiam
1721 1815 1925 1880 bullae
1960 1817 2026 1881 in
2058 1814 2237 1880 Urbe
2279 1817 2662 1902 impressam
2691 1815 2880 1902 (3)‚›

437 1893 666 2006 illique
728 1921 1052 2009 pontificis
1116 1923 1382 1987 nomine
1449 1924 1762 2009 piaecepit
1825 1933 1895 1987 ut
1956 1921 2207 1988 bullam
2241 1923 2427 1988 illam
2482 1923 2879 2010 publicaret,
2916 1914 2929 1924 ”

436 2027 718 2114 librique
752 2029 1028 2094 Lutheri
1063 2039 1126 2095 et
1167 2030 1642 2095 adhaerentium
1687 2029 2259 2107 comburerentur,
2299 2029 2763 2116 prohibuitque
2798 2052 2884 2096 ne

436 2137 778 2221 quisquam
818 2138 1132 2203 articulos
1173 2137 1645 2203 condemnatos
1680 2137 1793 2203 vel
1832 2137 2142 2224 legendo,
2198 2137 2306 2202 vel
2344 2136 2733 2224 disputando
2757 2143 2885 2202 ‘aut

435 2243 784 2309 scribendo
829 2243 1242 2310 defenderet.
1286 2245 1501 2319 Quum
1538 2249 1758 2310 autem
1784 2245 1924 2332 jam
1973 2245 2305 2311 Viennam
2358 2245 2631 2310 Lutheri
2667 2245 2884 2310 libelli

437 2350 624 2416 allati
647 2351 948 2429 fuissent,
987 2353 1481 2438 novitatumque
1533 2352 1768 2438 cupido
1802 2353 2269 2418 humaniorum
2311 2351 2687 2418 litterarum
2725 2373 2881 2438 pro-

436 2457 716 2523 fessores
742 2459 1065 2545 attigisset
1088 2459 1198 2544 (4),
1221 2461 1396 2524 male
1419 2461 1542 2523 fuit
1569 2480 1608 2524 a
1637 2461 1921 2524 Rectore
1939 2459 2132 2524 Eckii
2160 2458 2437 2546 epistola
2466 2469 2741 2545 accepta
2766 2458 2875 2544 (5).

436 2565 719 2629 Fortiter
761 2567 1002 2630 restitit
1038 2566 1418 2632 Viennense
1471 2565 1778 2645 studium,
1820 2576 2227 2653 quatuorque
2261 2567 2328 2629 in
2362 2573 2570 2630 'unum
2605 2585 2885 2652 congre-

435 2672 600 2756 gatis
617 2673 1075 2738 Facultatibus
1103 2673 1444 2738 decretum
1475 2678 1594 2752 est,
1619 2700 1652 2733 <c
1673 2695 1873 2758 quum
1900 2678 2199 2759 tempora
2228 2683 2444 2738 essent
2468 2673 2879 2758 periculosis-

439 2805 472 2838 «
523 2780 685 2846 sima
714 2789 778 2845 et
815 2781 1200 2869 suspicionis
1241 2782 1441 2869 plena
1473 2779 1583 2869 (6),
1647 2803 1790 2865 rem
1831 2780 2299 2869 proferendam
2348 2801 2489 2846 esse
2529 2779 2881 2847 dummodo
2963 2824 2969 2833 ·

440 2912 474 2945 ‹
524 2884 928 2954 sufficienter
959 2893 1026 2953 et
1048 2889 1368 2976 legitime,
1406 2895 1472 2956 et
1514 2910 1663 2955 cum
1705 2892 1807 2968 ea,
1842 2891 1971 2973 qua
2002 2888 2215 2966 decet,
2258 2888 2603 2975 legalitate
2634 2890 2881 2953 Eckius

439 3020 471 3053 <c
523 2994 604 3059 de
671 2996 982 3062 mandato
1055 3003 1122 3063 et
1201 2999 1585 3064 auctoritate
1658 2996 2018 3083 apostolica
2081 2997 2590 3063 Universitatem
2668 2996 2876 3063 infor-

439 3130 470 3161 «τ
524 3108 735 3169 maret
783 3104 894 3189 (7).
929 3130 963 3164 ›
999 3104 1196 3169 Haud
1229 3106 1323 3169 ita
1359 3104 1565 3169 multo
1596 3107 1746 3189 post
1779 3124 1819 3168 a
1844 3104 2101 3168 caeteris
2131 3102 2537 3188 Theologica
2566 3102 2879 3168 Facultas

435 3210 760 3288 discessit,
830 3216 904 3279 et
955 3210 1040 3276 ad
1092 3212 1544 3279 Viennensem
1617 3212 2017 3296 Episcopum
2082 3208 2373 3275 decanus
2447 3208 2878 3294 doctoresque

434 3318 696 3401 quidam
727 3318 903 3381 missi
944 3322 1118 3396 sunt,
1157 3319 1290 3403 qui,
1336 3322 1410 3381 ut
1449 3338 1567 3382 sex
1617 3318 1854 3381 saltem
1899 3337 1934 3380 e
1984 3315 2173 3381 bulla
2213 3314 2575 3402 pontificali
2612 3316 2877 3381 articuli

435 3423 514 3488 ad
567 3424 814 3489 exitum
870 3422 1358 3491 adducerentur
1419 3420 1884 3515 efflagitarent.
1951 3422 2167 3497 Quum
2208 3421 2425 3488 adhuc
2476 3419 2879 3489 Viennensis

431 3530 793 3617 Episcopus
830 3532 1124 3597 incertus
1175 3535 1349 3596 esset
1405 3530 1512 3596 cui
1563 3529 1951 3607 confideret,
2008 3530 2075 3593 in
2124 3529 2436 3615 pendenti
2492 3531 2730 3594 mansit
2778 3530 2877 3594 rei

430 3638 693 3715 soluti0,
735 3638 970 3723 dieque
1006 3637 1084 3704 10
1113 3636 1484 3705 decembris
1519 3658 1626 3701 an.
1668 3634 1838 3703 1520
1866 3637 2125 3701 litteras
2162 3638 2407 3703 Rector
2435 3634 2518 3701 ad
2569 3636 2876 3703 Carolum

534 3922 591 4063 ἑ.
631 3924 720 4061 Ιὶμ
714 3922 910 4063 {is-cola
933 3920 1108 3981 ΕεΙεὶἱ
1137 3918 1222 3982 ad
1249 3883 1551 3981 Rectorem
1583 3920 1867 3983 Academ.
1896 3921 2261 3981 Viennensi&
2295 3919 2372 3983 D.
2413 3922 2479 3979 14
2500 3922 2690 3981 octob.
2713 3922 2867 3980 1520.

632 4011 663 4061 I
703 4023 720 4061 ι
1998 4050 2003 4057 .

537 4086 1204 4161 3.Miue1··do1te1·,1‚p.
1249 4088 1352 4147 102
1381 4092 1440 4143 et
1471 4085 1590 4146 103
1669 4139 1676 4146 .

537 4169 582 4223 4.
637 4188 663 4220 α
691 4166 856 4224 Nova
909 4168 1168 4225 doctrina
1221 4184 1400 4239 quum
1438 4185 1473 4227 a
1503 4151 1692 4240 poetis
1725 4173 1849 4222 tum
1878 4166 2163 4222 libeiwimis
2195 4166 2325 4221 vitae
2354 4166 2687 4225 hominibus
2716 4182 2781 4221 cc
2789 4166 2871 4220 lc-

431 4249 756 4305 brauctur.»
797 4248 1203 4315 Mittei··,d01fer
1237 4248 1282 4315 Ι,
1327 4248 1444 4305 103.

535 4328 874 4469 &·lblgcitdck·
929 4411 1270 4467 Gesclcz'clcce
1313 4408 1421 4465 der
1465 4408 1877 4465 Kaiserliolten
1918 4409 2294 4465 Universt‘tctt
2347 4425 2421 4464 zu
2458 4409 2661 4467 ch'en.
2721 4408 2755 4464 2
2800 4406 2865 4463 B.-

434 4490 580 4547 in—S.
612 4489 1025 4560 Wien.,1854,
1056 4488 1126 4545 Β.
1159 4489 1209 4557 Ι,
1240 4508 1296 4562 p.
1324 4490 1428 4548 238
1447 4498 1506 4547 et
1534 4508 1660 4561 seq.

534 4571 585 4627 6.
626 4570 986 4627 Mitterdorfo
1017 4579 1183 4637 teste,
1217 4572 1340 4627 haec
1383 4588 1447 4625 ca
1493 4579 1630 4627 sunt
1658 4571 1833 4627 verba
1862 4570 1917 4627 in
1948 4572 2119 4627 Actis
2147 4570 2477 4627 Academiae
2518 4570 2871 4627 Viennensis

428 4656 699 4723 usurpata
713 4694 724 4708 .

535 4734 581 4787 7.
631 4732 783 4788 lbid.

2561 4857 2592 4895 0

3531 477 3539 496 0.
3535 449 3537 451 ,
3532 236 3543 338 —nn
3532 184 3543 230 -2
3531 0 3543 173 ··.-...lm

3425 876 3434 885 ι

3541 857 3542 880 ᾼ
3536 659 3543 838 ..Ιώ
