3564 5588
1465 589 1548 602 —-·
1596 571 1865 618 XXXIX
1910 587 1994 599 ·-

509 729 605 785 est
646 727 720 786 ut
754 717 836 785 ab
875 717 1183 786 Electore
1225 717 1487 803 singulo
1533 716 1603 780 in
1643 735 1780 780 suae
1816 714 2079 780 ditionis
2126 713 2399 801 regione
2448 715 2956 783 constitueretur

508 828 939 894 UniversitaS.
975 825 1172 890 Anno
1204 823 1374 890 1502
1403 823 1755 910 privilegia.
1782 821 2139 888 fundandae
2164 821 2731 909 Wittenbergensi
2773 823 2952 889 Aca-

511 933 744 1000 demiae
767 932 1256 1000 Maximilianus
1283 932 1628 1010 concessit,
1648 930 2208 1017 promovendique
2226 930 2682 997 auctoritatem
2704 930 2956 1017 profes-

509 1040 790 1118 soribuS,
821 1040 1264 1126 promotisque
1299 1037 1674 1104 doctoribus
1706 1039 1818 1125 Jus
1848 1039 1987 1123 ipse
2023 1036 2441 1103 condonabat
2484 1064 2519 1098 α
2551 1038 2621 1103 in
2654 1037 2957 1105 omnibus

511 1174 547 1209 <
597 1148 762 1214 locis
787 1156 853 1212 et
875 1147 1068 1212 terris
1091 1146 1376 1212 Romani
1405 1146 1674 1232 Imperii
1703 1155 1766 1210 et
1799 1143 2043 1230 ubique
2072 1153 2399 1211 terrarum
2427 1170 2463 1206 >
2508 1145 2789 1213 docendi
2832 1143 2949 1236 (l).

593 1255 1064 1333 Nihilominus,
1105 1253 1219 1320 vel
1250 1255 1331 1319 ea
1357 1261 1544 1318 aetate
1574 1253 1705 1338 qua
1727 1252 2181 1318 vehementius
2214 1262 2445 1318 contra
2477 1254 2796 1341 Papalem
2833 1253 2952 1320 do-

507 1365 822 1429 minatum
866 1353 1402 1428 Lutheranorum
1442 1371 1660 1447 partes
1715 1360 2209 1439 inveherentur,
2242 1361 2454 1446 -quasi
2497 1381 2533 1426 e
2577 1359 2955 1428 Pontificali

504 1470 941 1558 praerogativa
979 1469 1346 1535 derivatum
1371 1467 1803 1554 promovendi
1830 1467 1939 1555 jus
1967 1466 2263 1533 habitum
2302 1476 2401 1532 est
2430 1492 2444 1532 ε
2479 1488 2680 1553 quum
2710 1469 2882 1535 enim
2914 1489 2956 1536 a

504 1578 881 1664 Margravio
919 1576 1310 1654 Albrechto,
1362 1595 1532 1640 anno
1580 1573 1773 1652 1544,
1804 1575 2041 1640 litterae
2076 1572 2481 1640 fundationis
2514 1575 2950 1664 Koenigsber-

504 1686 689 1774 gensi
735 1684 1112 1751 Academiae
1146 1702 1476 1750 concessae
1517 1683 1817 1760 fuissent,
1867 1680 1935 1747 id
1977 1683 2263 1768 primum
2306 1683 2553 1758 Rector
2592 1684 2849 1748 curavit
2881 1694 2955 1750 ut

504 1793 587 1860 ad
615 1791 1026 1859 cardinalem
1054 1790 1377 1857 Bembum
1416 1790 1670 1856 litteras
1703 1791 2011 1868 mitteret,
2056 1789 2307 1876 illoque
2346 1788 2771 1875 deprecante,
2817 1792 2949 1857 Pa-

500 1901 723 1988 palem
761 1899 1017 1966 bullam
1062 1898 1470 1983 impetraret,
1508 1899 1637 1983 qua.
1678 1896 2112 1984 promovendi
2150 1898 2505 1963 auctoritas
2551 1917 2741 1964 novae
2777 1898 2953 1964 Aca-

503 2007 734 2074 demiae
764 2005 1255 2072 attribueretur.
1288 2004 1600 2071 Pontifex
1631 2012 1849 2070 autem
1876 2024 1946 2069 se
1979 2003 2230 2070 bullam
2260 2005 2611 2071 missurum
2641 2023 2783 2072 esse
2807 2006 2951 2093 pol-

452 2155 466 2165 —
500 2115 720 2181 licitus
743 2123 839 2180 est
856 2111 976 2199 (2),
1015 2113 1071 2178 si
1098 2111 1512 2181 confirmatio
1543 2112 1967 2198 Imperatoris
1992 2111 2502 2179 concederetur.

587 2221 842 2288 Eodem
881 2224 1102 2286 autem
1146 2220 1291 2298 i1·lo,
1347 2239 1475 2304 quo
1520 2228 1749 2305 postea
1802 2219 2181 2298 RotmaruS,
2234 2220 2417 2286 circa
2474 2239 2721 2286 annum
2778 2219 2950 2289 1525

499 2329 864 2396 Academia
899 2331 1038 2395 tota
1076 2326 1620 2415 Ingolstadiensis
1663 2346 1893 2392 errore
1941 2326 2283 2413 studioque
2344 2328 2789 2396 detinebatur.
2838 2329 2951 2395 In-

497 2442 686 2504 terea
728 2437 886 2503 dum
947 2456 1140 2502 omne
1191 2435 1538 2501 vinculum
1578 2455 1730 2501 cum
1767 2436 2024 2521 Papatu
2074 2436 2402 2501 societatis
2445 2437 2515 2501 in
2564 2435 2948 2504 Academiis

497 2546 970 2626 remitteretur,
991 2562 1262 2609 necesse
1296 2551 1440 2608 erat
1474 2546 1550 2607 ut
1574 2541 1656 2608 ab
1681 2543 1760 2608 iis
1788 2541 2091 2608 omnibus
2114 2563 2258 2629 quae
2292 2541 2488 2610 fidem
2521 2546 2765 2611 avitam
2800 2540 2943 2611 serss-

497 2653 848 2730 vavissent,
894 2652 1140 2717 arctius
1181 2651 1714 2718 contraheretur.
1757 2651 1957 2737 Papae
1999 2660 2217 2716 autem
2267 2653 2336 2716 in
2371 2651 2751 2719 Academiis
2787 2674 2944 2741 per-

401 2761 411 2768 ’
498 2780 727 2829 sonam
773 2759 1047 2849 gerebat
1091 2758 1572 2839 CancellariuS,
1619 2757 2151 2845 Cancellariique
2189 2780 2429 2828 munus
2462 2760 2543 2827 ab
2582 2762 2722 2849 ipso
2760 2762 2947 2851 Papa

499 2869 897 2956 amplissimo
941 2868 1205 2934 cuidam
1249 2868 1416 2945 vir0,
1463 2869 1857 2954 plerumque
1900 2868 2231 2955 Episcopo
2272 2869 2528 2936 solebat
2562 2871 2878 2936 committi
2924 2897 2938 2937 ε

498 2976 670 3064 apud
713 2976 1299 3064 Ingolstadiensem
1324 2974 1756 3041 Academiam
1785 2976 2151 3062 Episcopus
2178 2977 2617 3063 Eystettensis
2660 2979 2940 3045 cancel-

493 3085 656 3151 larii
679 3082 968 3151 officium
1005 3082 1525 3149 administrabat.
1559 3083 1652 3148 De
1693 3083 2095 3149 Cancellarii
2132 3083 2497 3171 privilegiis
2541 3089 2609 3150 et
2651 3086 2941 3153 auctori-

496 3202 627 3258 tate
660 3196 890 3258 tacent
918 3191 1194 3257 annales
1228 3216 1242 3256 :
1287 3190 1582 3256 Gretseri
1611 3195 1834 3256 autem
1864 3191 1932 3255 in
1959 3190 2133 3256 libro
2164 3192 2278 3276 qui
2313 3216 2349 3251 <
2381 3190 2875 3259 observationes
2902 3219 2938 3255 >

494 3300 898 3378 inscribitur,
957 3298 1224 3385 singula
1267 3297 1566 3384 quaedam
1622 3307 1775 3364 sunt
1832 3298 2147 3364 notanda.
2204 3298 2401 3365 Anno
2449 3300 2709 3366 scilicet
2770 3298 2943 3368 1528

500 3433 536 3468 <
573 3407 845 3493 inclytae
876 3407 912 3472 J
920 3405 1190 3472 uridicae
1221 3406 1586 3472 Facultatis
1621 3432 1656 3467 ›
1700 3405 2109 3494 professores
2144 3406 2535 3493 Ingolstadii
2587 3408 2939 3475 consilium

409 3550 412 3555 ·
487 3514 890 3593 habuerunt,
923 3514 1032 3599 qui
1071 3517 1252 3579 recte
1299 3512 1453 3598 quid
1481 3533 1623 3579 esse
1665 3512 1901 3579 debeat
1928 3512 2385 3580 Cancellarius
2433 3515 2935 3584 constituerent.

499 3647 535 3682 <
570 3620 930 3688 Consilium
945 3640 1147 3708 super
1161 3620 1424 3709 Juribus
1440 3630 1504 3685 et
1527 3622 2032 3706 proeeminentia
2039 3670 2203 3701 ......
2226 3623 2335 3688 cui
2357 3623 2632 3689 consilio
2649 3624 2686 3688 J
2691 3644 2940 3691 oannes

500 3755 534 3789 ‹
572 3749 829 3816 quoque
876 3729 1126 3815 Eckins
1165 3728 1570 3815 subscripsit,
1614 3727 1839 3793 addita
1872 3728 1951 3794 de
1984 3728 2477 3796 Cancelliaratu
2506 3730 2933 3812 AcademicO,

499 3862 535 3897 <
570 3857 698 3903 nec
747 3836 1016 3903 indocta
1074 3856 1200 3902 nec
1247 3836 1607 3922 ineleganti
1661 3835 2244 3903 dissertatiuncula
2285 3837 2398 3924 (3).
2465 3865 2500 3900 ›
2558 3840 2933 3905 Plurimum

495 3949 718 4010 autem
765 3945 834 4009 in
888 3944 1172 4009 articulo
1217 3942 1510 4009 secundo
1555 3945 1870 4010 momenti
1918 3949 2019 4010 est
2074 3970 2088 4009 ε
2145 3970 2181 4005 ‹
2232 3946 2403 4021 Quia
2446 3947 2766 4013 Ecclesiae
2817 3948 2937 4013 Dei

499 4078 533 4112 ‹
568 4053 851 4118 multum
899 4053 1172 4117 interest
1215 4051 1559 4138 gymnasia
1595 4050 1866 4138 publica
1910 4061 1973 4117 et
2016 4052 2232 4123 studia
2275 4054 2699 4141 privilegiata
2732 4056 2933 4142 erigi,

500 4186 535 4220 α
573 4169 756 4226 recte
811 4159 1116 4225 Summus
1167 4159 1477 4225 Pontifex
1525 4157 1977 4225 Cancellarios
2022 4179 2185 4227 suos
2238 4160 2375 4226 illis
2423 4160 2728 4248 praeficit,
2790 4163 2934 4247 qui,

603 4457 653 4511 1.
695 4455 970 4511 Raumer.
1010 4452 1349 4510 Geschiohte
1377 4453 1487 4509 der
1515 4452 1889 4527 Poedaqoqilc.
1928 4454 2063 4510 Vol.
2096 4452 2203 4521 IV,
2230 4470 2288 4527 p.
2322 4454 2391 4511 12
2418 4459 2478 4511 et
2504 4472 2629 4527 seq.

481 4560 492 4570 ·
596 4536 652 4592 2.
692 4534 842 4591 Ibid.
885 4565 954 4576 —
983 4533 1178 4601 Quum
1207 4541 1402 4589 autem
1443 4533 1821 4606 Imperatoria
1849 4535 2206 4591 confirmatio
2239 4552 2353 4591 non
2380 4535 2591 4593 fuisset
2628 4552 2931 4609 concessa,

497 4616 725 4673 Bullam
756 4616 913 4688 Papa
941 4632 1058 4671 non
1085 4614 1329 4685 largitus
1357 4620 1466 4671 est.

600 4698 653 4757 3.
696 4694 1030 4764 Gretserus‚
1061 4712 1119 4769 p.
1151 4694 1279 4754 251.
