3564 5588
1632 570 1714 584 ·····
1777 554 1962 602 LVIII
2008 569 2093 582 ·-·-

640 707 846 779 retur,
883 697 1404 768 declaravissent
1435 715 1528 776 se,
1571 715 1687 764 suo
1719 703 1782 760 et
1812 713 2263 761 successorum
2300 693 2587 770 nomine,
2622 700 2687 759 et
2722 691 3079 778 honoribus

642 816 705 878 et
739 805 1049 877 oneribus
1093 803 1451 872 Facultatis
1495 802 1965 888 philosophicae
2006 821 2277 882 exuere,
2328 809 2685 887 senatuque
2730 809 2793 886 et
2830 801 3076 887 gremio

642 913 932 1004 ejusdem
963 911 1325 984 Facultatis
1367 908 1718 994 abdica-re,
1764 929 1891 976 nec
1918 909 2002 976 ad
2027 909 2380 995 quidquam
2427 932 2462 969 α
2496 907 2801 1005 obligari,
2844 909 2970 975 nisi
2994 908 3078 975 ad

638 1019 986 1115 profitendi
1023 1018 1422 1107 legendique
1462 1037 1720 1084 munus.
1764 1043 1801 1079 >
1840 1016 2093 1086 Eodem
2129 1016 2256 1096 die,
2296 1035 2416 1103 per
2456 1015 2745 1102 speciem
2779 1017 3078 1100 reconci-

637 1131 812 1200 liatae
841 1128 1195 1198 voluntatis
1234 1127 1610 1195 convivium
1643 1124 2048 1192 celebratum
2091 1134 2187 1190 est
2221 1144 2457 1210 resque
2510 1124 2882 1211 compositae
2923 1124 3077 1208 visae
3190 1162 3199 1170 ·

639 1247 810 1310 sunt.
862 1238 900 1303 J
905 1237 1127 1307 esuitae
1157 1255 1316 1322 ergo
1357 1233 1441 1300 ad
1478 1233 1568 1312 id,
1601 1233 1776 1318 quod
1811 1232 2189 1312 videbatur,
2233 1231 2497 1299 adducti
2530 1240 2719 1298 erant
2751 1239 2854 1313 ut,
2902 1233 3077 1316 omni

638 1343 1098 1416 dominationis
1121 1341 1421 1430 periculo
1446 1350 1682 1420 amot0,
1721 1349 1973 1408 tantum
2002 1339 2085 1406 ad
2112 1358 2526 1407 communem
2552 1338 2931 1406 Academiae
2952 1341 3078 1410 uti-

637 1453 888 1522 litatem
911 1450 1310 1519 conferrent.
1344 1450 1423 1514 In
1446 1450 1701 1515 irritum
1729 1447 1917 1515 brevi
1944 1467 2025 1514 ea
2050 1468 2198 1534 spes
2220 1449 2435 1526 cessit,
2464 1448 2823 1534 praesertim
2848 1467 3071 1535 quum,

636 1561 706 1629 in
735 1559 968 1628 eodem
1004 1557 1410 1637 discrimine,
1457 1557 1606 1622 Dux
1651 1555 2047 1623 decrevisset
2081 1556 2119 1621 J
2124 1542 2345 1622 esuitis
2391 1578 2426 1615 α
2470 1555 2541 1622 in
2582 1554 2976 1623 Solennibus
3013 1565 3106 1642 et,

641 1693 676 1730 α
717 1664 1142 1735 concionibus
1185 1664 1475 1731 debitum
1513 1664 1738 1731 locum
1773 1672 1853 1729 et⁴
1882 1662 2260 1751 dignitatem
2304 1663 2449 1730 fore
2494 1661 2987 1730 reservandam.
3022 1689 3071 1746 Ι»

635 1775 788 1843 Non
819 1783 1039 1840 tamen
1072 1771 1309 1841 idoneo
1341 1780 1636 1858 tempore
1673 1769 2065 1839 Academici
2095 1779 2327 1844 contra
2354 1769 2749 1837 Societatem
2774 1789 2917 1837 rem
2954 1791 3074 1858 ag-

637 1883 843 1970 gressi
873 1890 1097 1963 erant3
1137 1899 1472 1967 nunquam
1513 1879 1686 1945 enim
1721 1887 2024 1945 strenuos
2061 1879 2271 1965 magis
2298 1898 2419 1964 pro
2456 1878 2775 1964 religione
2806 1887 3079 1946 conatus

636 1989 950 2058 Albertus
1001 1987 1422 2067 adhibuerat,
1473 1996 1537 2053 et
1579 1987 1682 2052 illi
1725 1986 1827 2053 his
1871 1985 2093 2052 verbis
2141 1985 2514 2053 Cardinalis
2557 1985 2819 2053 Hosius
2858 1994 3079 2074 grates

637 2095 874 2186 agebat
915 2121 928 2164 ε
993 2121 1028 2156 «
1069 2095 1248 2162 Aula
1289 2094 1698 2162 celsitudinis
1741 2103 1978 2160 vestrae
2023 2094 2255 2161 schola
2298 2093 2597 2179 quaedam
2635 2095 2894 2180 pietatis
2924 2114 3075 2160 esse

641 2204 999 2293 ‹jvidetur3
1037 2223 1127 2270 ex
1153 2201 1306 2290 quai}
1306 2203 1491 2270 velut
1521 2223 1607 2268 ex
1630 2222 1796 2288 equo
1820 2203 2105 2290 Trojano
2127 2201 2456 2288 prodeunt
2485 2202 2817 2269 fortissimi
2836 2203 3076 2272 milites

641 2339 676 2374 ‹
711 2313 845 2398 qui,
886 2311 1091 2379 verbo
1123 2319 1189 2377 et
1226 2330 1427 2398 opere
1465 2319 1762 2377 errantes
1805 2310 2084 2397 populos
2123 2309 2206 2376 ad
2247 2308 2445 2376 fidem
2490 2310 2725 2376 Christi
2757 2329 3075 2378 revocare

640 2446 674 2480 ‹
708 2417 1115 2486 contendunt
1155 2416 1268 2505 (l).
1325 2443 1360 2478 x·
1410 2416 1513 2482 Ab
1566 2417 1701 2484 illis
1754 2417 2055 2484 omnibus
2098 2417 2246 2483 Dux
2288 2437 2409 2504 pro
2458 2417 2818 2484 Maecenate
2864 2417 3071 2484 habe-

636 2527 848 2605 batur,
888 2527 999 2612 qui
1038 2545 1106 2592 se
1145 2525 1228 2590 ad
1276 2523 1758 2592 defendendam
1799 2525 2193 2592 catholicam
2228 2523 2427 2590 fidem
2460 2524 2913 2608 tradidissent3
2949 2545 3075 2592 nec

635 2634 772 2719 ipse
821 2630 1302 2720 dedignabatur
1341 2627 1755 2698 Luth'eranos
1810 2633 1893 2698 ad
1942 2631 2302 2700 catholicas
2338 2641 2558 2721 partes
2601 2651 2954 2713 revocare,
3003 2642 3077 2700 ut

642 2735 951 2827 exemplo
993 2748 1090 2808 est
1117 2739 1441 2807 Andreas
1471 2738 1587 2807 ille
1615 2740 1706 2805 Li
1705 2741 1838 2827 ,οἶα
1849 2739 2035 2807 lzius
2068 2739 2241 2807 inter
2269 2741 2611 2829 optimates
2640 2741 2943 2810 Bavariae
2966 2742 3071 2808 in-

634 2848 836 2935 signis
879 2845 993 2937 (2).
1035 2847 1250 2924 Quum
1290 2867 1461 2914 anno
1501 2846 1670 2915 1568
1706 2848 2203 2917 Maximilianus
2238 2850 2616 2937 imperator,
2672 2874 2707 2912 α
2748 2849 3073 2917 diversam

638 2981 673 3019 α
709 2954 1042 3023 facilitatis
1081 2956 1256 3021 viam
1295 2956 1650 3043 ingressus,
1694 2956 2023 3023 nobilitati
2053 2956 2423 3025 Austriacae
2457 2956 2898 3029 Confessionis
2934 2956 3074 3025 Au-

638 3089 673 3127 «
712 3072 1006 3151 gustanae
1044 3063 1418 3145 libertatem
1458 3064 1863 3151 permisisset
1903 3064 2015 3154 (3),
2040 3062 2091 3155 ξ»
2132 3064 2311 3132 dedit
2346 3085 2614 3153 operam
2657 3065 2970 3137 Albertus
3001 3075 3074 3133 ut

633 3172 900 3239 arctiori
933 3173 1127 3239 etiam
1159 3172 1430 3239 vinculo
1461 3192 1612 3244 cum
1641 3173 1952 3241 Ecclesia
1984 3173 2311 3239 catholica
2345 3172 2711 3253 Academia
2742 3174 3071 3262 Ingolsta-

635 3278 874 3347 diensis
899 3280 1318 3368 jungeretur,
1365 3284 1434 3347 et
1473 3301 1512 3346 a
1548 3281 1731 3368 Papa
1775 3280 1895 3348 Pio
1940 3282 2007 3348 V
2050 3280 2306 3348 bullam
2341 3282 2629 3369 rogavit,
2670 3284 2799 3368 qua
2834 3283 2939 3349 Pii
2972 3283 3072 3349 IV

633 3385 970 3455 decretum
994 3389 1064 3454 in
1089 3408 1281 3455 usum
1304 3387 1742 3455 deduceretur
1771 3413 1785 3455 :
1824 3414 1859 3449 <
1884 3388 2235 3456 Neminem
2258 3390 2431 3455 inter
2460 3390 2863 3477 professores
2888 3388 3067 3459 Aca-

634 3519 669 3556 «
710 3493 941 3562 demiae
983 3496 1128 3562 fore
1177 3495 1650 3563 admittendum
1697 3504 1809 3563 aut
1857 3497 2105 3585 aliquid
2148 3499 2419 3564 honoris
2461 3498 2767 3566 litterarii
2814 3499 3069 3586 insigne
3145 3515 3154 3521 ·
3204 3578 3225 3591 Ι

634 3626 669 3663 ‹
701 3602 846 3670 fore
891 3604 1391 3689 impetraturum
1426 3605 1551 3671 nisi
1575 3604 2019 3694 jurejurando
2055 3603 2415 3672 affirmaret
2451 3604 2715 3675 fidelem
2749 3606 3070 3675 Ecclesiae

633 3735 668 3771 «
702 3709 1018 3777 Romanae
1073 3710 1284 3779 filium
1320 3732 1391 3778 se
1432 3732 1573 3778 esse
1615 3711 1915 3798 foreque.
1956 3737 1992 3776 ›
2040 3714 2179 3781 Etsi
2223 3722 2475 3779 tantum
2516 3713 2597 3780 de
2642 3714 2919 3782 consilio
2964 3714 3069 3797 die

628 3814 715 3882 23
749 3816 971 3883 Martii
1013 3818 1236 3886 habito
1277 3820 1628 3887 Rotmarus
1669 3820 2070 3888 mentionem
2116 3821 2276 3888 facit
2323 3820 2433 3908 (4),
2489 3820 2617 3889 duo
2656 3820 2885 3889 habita.
2922 3831 3071 3891 sunt

628 3924 923 3992 consilia.
959 3925 1150 3992 Teste
1173 3925 1632 4007 Adlzreittero,
1669 3947 1871 4013 quum
1906 3949 1947 3995 a
1977 3929 2161 4015 Papa
2187 3930 2309 3996 Pio
2340 3929 2786 4017 supradictam
2814 3929 3069 3997 bullam

629 4032 1009 4118 accepisset,
1052 4033 1166 4099 die·
1189 4033 1275 4102 25
1307 4035 1345 4100 J
1351 4036 1606 4101 anuarii
1637 4055 1812 4102 anno
1848 4033 2040 4115 1568,
2082 4060 2117 4097 α
2145 4036 2549 4123 professores
2573 4056 2809 4105 omnes
2832 4028 2903 4104 in
2928 4038 3068 4104 aede

580 4189 596 4203 ,.
628 4163 663 4198 «
703 4138 1000 4225 Deiparae
1017 4141 1315 4228 Virginis
1333 4140 1420 4229 (5)
1437 4168 1472 4203 >
1503 4142 1885 4229 advocavit3
1916 4144 2135 4231 ibique
2158 4169 2193 4205 «
2211 4163 2485 4211 omnes»
2518 4165 2589 4212 se
2616 4165 2706 4212 ex
2729 4144 3069 4213 Pontificis

734 4360 787 4416 1.
825 4358 1188 4432 Adlzreitter,
1224 4379 1280 4434 p.
1314 4363 1437 4421 275.

732 4441 788 4498 2.
833 4439 992 4496 Ibid.

736 4519 788 4576 3.
830 4519 1004 4586 laid„
1037 4538 1094 4594 p.
1125 4520 1252 4579 276.

737 4600 788 4655 4.
828 4599 1092 4671 Rotmam
1118 4601 1168 4670 Ι,
1197 4602 1322 4661 313.

739 4680 786 4735 5.
831 4678 1199 4751 Adlzreitter,
1230 4699 1289 4755 p.
1319 4682 1443 4741 277.
