3564 5588
1756 593 2046 639 —·Lx11
2092 611 2177 621 —

743 739 1083 818 miserunt,
1120 738 1228 824 qui
1266 735 1443 804 omni
1489 735 1692 821 opera
1739 735 2105 802 niterentur
2145 753 2230 800 ne
2264 732 2603 801 decretum
2632 731 2804 799 illud
2833 733 3174 800 sortiretur

745 841 1072 913 effectum.
2760 911 2765 916 .

833 952 1186 1038 Postquam
1215 950 1624 1037 aliquantum
1655 947 1740 1015 ab
1768 949 1905 1014 illis
1948 956 2226 1035 quatuor
2266 947 2502 1034 legatis
2529 947 2862 1015 Monachii
2886 967 2995 1014 res
3029 948 3173 1036 agi-

744 1068 878 1126 tata
904 1067 1072 1125 esset
1099 1055 1210 1144 (l),
1247 1055 1724 1144 Ingolstadium
1751 1057 1989 1122 iterum
2022 1066 2120 1122 est
2146 1063 2502 1142 reportata.
2528 1054 2877 1122 Notatione
2908 1055 3177 1142 dignum

747 1174 843 1232 est
870 1163 1043 1250 quod
1082 1166 1456 1244 Rotmarus‚
1498 1183 1576 1230 eo
1612 1173 1907 1250 tempore
1942 1162 2273 1250 professor
2315 1161 2685 1229 ordinarius
2733 1171 2798 1228 et
2837 1162 3051 1228 eidem
3077 1163 3179 1228 liti

743 1280 972 1338 contra
1001 1271 1039 1336 J
1045 1272 1284 1338 esuitas
1312 1270 1670 1356 implicitus
1699 1269 1812 1356 (2),
1843 1269 1923 1336 de
1947 1290 2022 1335 re
2055 1269 2319 1336 omnino
2344 1269 2622 1336 siluerit.
2656 1268 2847 1336 Solus
2871 1267 3178 1336 Mederus

745 1374 960 1445 effecit
1018 1397 1104 1445 ne
1156 1398 1237 1443 ea
1298 1377 1520 1444 omnia
1569 1377 1829 1443 silentio
1878 1376 2314 1444 obruerentur
2366 1399 2381 1441 ε
2440 1385 2725 1442 attamen
2773 1396 2913 1442 rem
2962 1375 3170 1454 aride,

744 1485 974 1552 eadem
1012 1485 1266 1552 ratione
1321 1483 1680 1569 iisdemque
1703 1545 1708 1552 ,
1734 1482 1877 1550 fere
1929 1483 2171 1563 verbis,
2209 1482 2443 1570 quibus
2476 1485 2613 1570 ipse
2648 1483 2985 1571 Agricola,
3023 1503 3181 1550 usus

741 1592 1058 1658 narravit.
1106 1592 1383 1679 Insuper
1419 1602 1517 1658 est
1561 1575 2213 1658 animadvertendum
2266 1590 2461 1676 quod,
2520 1591 3067 1677 qualemcumque
3108 1611 3178 1656 se

743 1701 813 1766 in
838 1700 968 1766 hoc
1009 1698 1384 1766 discrimine
1413 1699 1765 1766 Rotmarus
1804 1698 2129 1776 habuerit,
2168 1698 2597 1764 vehementer
2628 1699 2973 1774 occasione
3000 1699 3180 1764 omni

743 1807 780 1870 J
785 1808 1024 1872 esuitas
1079 1805 1256 1872 idem
1303 1805 1579 1874 miratus
1633 1806 1745 1885 sit,
1804 1805 2215 1890 illorumque·
2248 1815 2467 1892 partes
2515 1805 2800 1871 tenuisse
2836 1805 3173 1872 videatur.

743 1913 997 1980 Forsan
1039 1934 1124 1979 ex
1165 1913 1366 1982 illius.
1397 1913 1706 2000 exemplo.
1745 1913 2105 2000 conjectari
2150 1922 2361 1999 potest
2394 1913 2625 1998 quales
2664 1934 2735 1980 se
2776 1913 3181 2000 professores

743 2023 964 2088 caeteri
995 2019 1372 2100 habuerint,
1411 2031 1751 2108 postquam
1784 2021 1855 2086 in
1886 2021 2143 2086 irritum
2186 2041 2257 2086 se
2300 2021 2444 2087 fore
2486 2021 2931 2088 decertaturos
2976 2019 3177 2086 intel-

743 2128 1080 2208 lexissent,
1116 2129 1154 2193 J
1160 2129 1510 2214 esuitaeque
1539 2128 1793 2195 fortiter
1822 2127 2255 2194 Academiam
2279 2138 2731 2216 occupassent.

833 2236 1176 2302 Certamen
1199 2234 1396 2315 illud,
1429 2235 1467 2300 J
1473 2236 1829 2302 esuitarum
1862 2235 2322 2302 discessionem
2348 2235 2759 2321 reditumque
2792 2256 2987 2322 quam
3015 2255 3180 2324 pau-

743 2343 1018 2410 cissimis
1049 2343 1527 2410 Adlzreitterus
1561 2344 1808 2409 retulit.
1843 2341 2002 2409 Sola
2030 2362 2186 2430 ergo
2215 2342 2550 2430 Agricolae
2577 2345 2868 2411 narratio
2895 2344 3083 2412 nobis
3111 2345 3180 2409 in

743 2451 1042 2518 manibus
1075 2459 1192 2530 est,
1236 2470 1402 2535 quae,
1451 2452 1571 2516 etsi
1611 2450 1844 2517 ordine
1875 2450 2085 2517 multa
2113 2450 2407 2530 edoceat,
2444 2451 2744 2530 multum,
2784 2470 2909 2518 nec
2955 2450 3179 2518 forsan

716 2559 1136 2639 ‘inconsult0,
1180 2557 1598 2626 dubitationis
1622 2557 1883 2624 habeat.

831 2667 980 2732 Huc
1021 2664 1282 2752 quidem
1317 2674 1594 2750 quatuor
1647 2666 2018 2752 legatorum
2066 2667 2437 2733 missionem
2486 2665 2801 2734 recidisse
2836 2667 3178 2734 manifesto

745 2782 862 2855 est,
888 2782 960 2841 ut
975 2782 1252 2860 quatuor
1267 2793 1481 2841 causae
1504 2774 1898 2861 cognitores,
1922 2772 2375 2843 cancellarius
2390 2775 2644 2844 scilicet
2664 2775 2887 2845 Simon
2904 2776 3175 2855 EckiuS,

743 2882 1060 2969 Wigulus
1097 2880 1423 2961 Hundius‚
1478 2880 1853 2967 Onaphrius
1902 2881 2349 2969 Perbingerus
2397 2893 2461 2949 et
2503 2883 2815 2950 Erasmus
2851 2882 3181 2951 Wendius

744 2987 1219 3077 Ingolstadium
1267 2990 1705 3055 mitterentur.
1764 2989 1957 3055 Eckii
2004 2989 2623 3079 Hundiique.fidem
2665 2994 2905 3079 soepius
2949 2992 3181 3061 Patres

735 3097 875 3184 jam
907 3106 1406 3183 perspexerant,
1442 3096 1901 3183 Wendiusque
1931 3117 2099 3164 unus
2137 3117 2223 3163 ex
2258 3098 2392 3163 illis
2418 3097 2635 3165 fuerat
2670 3120 2947 3185 quorum
2980 3099 3182 3185 opera

743 3204 1006 3270 Jesuitis
1035 3203 1413 3291 Paedagogii
1439 3203 1937 3271 administrandi
1972 3225 2207 3271 munus
2241 3206 2639 3293 contigisset.
2679 3208 2777 3273 Eo
2818 3208 3019 3295 igitur
3050 3206 3177 3271 mi-

742 3330 891 3377 rum
927 3312 1136 3399 magis
1181 3321 1279 3378 est
1328 3310 1501 3397 quod
1543 3311 1817 3391 Eckius‚
1862 3313 1928 3378 in
1974 3312 2101 3380 hoc
2150 3312 2546 3393 discrimine,
2603 3315 2873 3381 Patrum
2912 3333 3179 3381 causam

743 3419 1248 3506 impugnaverit.
1282 3418 1617 3506 Agricolae
1660 3418 1973 3486 satisfecit
2025 3422 2432 3507 excogitasse
2481 3422 2851 3509 legatorum
2900 3423 3174 3501 animos,

743 3544 945 3611 quum
976 3525 1448 3613 Ingolstadium
1485 3525 1923 3605 advenissent,
1957 3525 2039 3593 ab
2069 3527 2467 3594 adversariis
2489 3530 2759 3596 Patrum
2779 3530 2981 3597 fuisse
3004 3549 3177 3617 prae-

745 3640 1126 3718 occupatos:
1155 3632 1418 3698 nullum
1442 3632 1533 3697 ita
1548 3632 1746 3698 rebus
1769 3633 2001 3699 lumen
2026 3632 2395 3700 adhibetur.
2413 3634 2622 3702 Simul
2648 3657 2727 3703 ac
2743 3636 3180 3704 Provincialis

663 3818 674 3829 θ
743 3738 1060 3823 Hoffoeus
1093 3758 1256 3823 quos
1301 3739 1562 3826 spiritus
1592 3740 1795 3827 legati
1829 3751 2134 3828 gererent
2163 3741 2537 3823 audivisset,
2572 3744 2995 3811 Monachium
3020 3764 3177 3831 pro·-

743 3865 903 3931 pere
937 3847 1061 3911 iter
1092 3845 1344 3925 habuit,
1389 3847 1577 3934 eique
1615 3848 1865 3915 Eckius
1909 3849 2310 3916 renuntiavit
2343 3875 2378 3910 α
2410 3850 2829 3918 decessurum
2864 3873 2933 3917 se
2967 3852 3182 3938 potius

748 3977 784 4011 ‹
833 3949 1050 4020 officio
1103 3962 1169 4019 et
1220 3955 1376 4019 aula
1412 3974 1606 4040 quam
1652 3965 2013 4023 retractare
2055 3977 2199 4042 quae
2244 3958 2312 4022 in
2351 3958 2551 4045 pleno
2593 3968 2825 4025 senatu
2856 3958 3182 4046 Ingolsta-

751 4082 786 4117 ‹
841 4056 1051 4127 diensi
1077 4061 1448 4142 constituta,
1479 4062 1746 4150 Jamque
1772 4064 1968 4131 etiam
1995 4063 2331 4151 publicata
2360 4070 2582 4133 essent
2606 4091 2642 4127 2·
2675 4062 2787 4154 (3).
2818 4066 2914 4131 De
2946 4064 3181 4151 quibus

853 4377 904 4439 1.
947 4376 1230 4453 Mederer,
1259 4376 1336 4451 11,
1379 4379 1463 4441 10.

851 4464 907 4522 2.
953 4484 980 4518 α
1007 4463 1348 4531 RotmaruS,
1377 4466 1477 4537 qui
1505 4463 1705 4537 ipsein
1725 4463 1987 4536 partibus
2005 4463 2137 4535 tuit,
2162 4466 2313 4523 hauc
2336 4468 2785 4525 controversiam
2805 4466 3034 4524 silentio
3060 4465 3179 4523 dis-

744 4544 998 4613 simulat,
1050 4550 1249 4601 contra
1277 4561 1346 4601 ac
1372 4545 1536 4619 ponit
1569 4544 1817 4602 officium
1858 4545 2066 4616 integri
2108 4547 2409 4623 scriptoris
2437 4567 2493 4606 ».
2522 4548 2882 4605 Adlzreitter.
2926 4547 3069 4605 Pars
3096 4548 3176 4617 ΙΙ,

743 4640 795 4695 p'
832 4624 1258 4778 ἳέῡζιρνῑοοια,
1284 4703 1329 4777 1,
1371 4705 1485 4764 ¹46.
