3564 5588
1560 573 1949 618 -LIV—

534 719 795 806 quidam
843 738 878 784 e
927 715 1274 794 Societate,
1313 711 1696 800 Ingolstadii
1747 732 1833 778 ne
1884 722 2321 780 commoratus
2378 712 2662 798 quidem,
2708 713 2970 781 Petrus

531 828 850 914 Sylvius,
890 825 1087 898 missa
1115 821 1410 910 epistola,
1446 819 1906 908 postulavisset
1939 829 2010 886 ut
2044 821 2181 907 ipse
2212 822 2281 886 in
2313 821 2670 908 collegium
2705 821 2968 889 Artisti-

535 955 684 1006 cum
733 933 1202 1010 admitteretur,
1247 929 1465 1011 fuerat
1509 927 1612 995 illi
1657 946 2040 1015 responsum
2092 929 2343 994 statutis
2382 929 2781 1015 prohibitum
2827 929 2969 996 esse

477 1099 484 1108 .
532 1063 617 1114 ne
649 1043 792 1131 quis
823 1040 1290 1116 admitteretur,
1323 1061 1358 1099 α
1388 1035 1512 1101 nisi
1547 1043 1716 1104 esset
1750 1043 1815 1101 et
1840 1043 2137 1102 maneret
2166 1038 2235 1102 in
2269 1037 2542 1124 gremio,
2575 1036 2787 1103 donec
2822 1058 2965 1103 ma-

537 1176 573 1214 «
622 1149 954 1238 gisterium
1003 1167 1191 1212 suum
1231 1151 1564 1212 assecutus
1619 1151 1821 1223 esset,
1878 1143 1935 1208 si
1981 1142 2238 1209 advena
2293 1152 2491 1223 esset,
2539 1153 2729 1231 atque
2772 1146 2971 1212 etiam

535 1284 571 1322 α
619 1257 873 1326 natales
903 1274 1054 1322 suos
1085 1251 1416 1340 probaret,
1455 1258 1518 1317 et
1547 1255 1869 1339 praeterea
1895 1251 2165 1337 publice
2192 1250 2551 1338 disputaret
2572 1278 2606 1313 x·
2632 1251 2744 1339 (l).
2776 1251 2969 1318 Anno

537 1375 754 1434 autem
784 1361 976 1441 1559,
1015 1381 1214 1450 quum
1245 1359 1512 1447 Sylvius
1550 1359 1951 1445 pertinacius
1990 1357 2163 1424 idem
2206 1355 2626 1446 efflagitasset
2675 1359 2967 1426 dictitas-

534 1481 756 1558 setque
783 1469 996 1539 ordini
1012 1489 1138 1535 -suo
1173 1487 1213 1535 a
1243 1468 1425 1554 Papa
1455 1466 1656 1532 fuisse
1683 1469 2068 1533 concessum
2094 1475 2166 1531 ut
2194 1491 2229 1529 α
2256 1476 2440 1532 recta
2464 1467 2759 1554 collegiis
2786 1465 2963 1535 Aca-

538 1607 573 1646 «
611 1580 884 1648 demicis
906 1597 942 1643 e
972 1575 1294 1645 Societate
1324 1575 1556 1640 Patres
1583 1572 1852 1663 adjungi
1877 1582 2163 1660 possent,
2182 1599 2218 1635 2·
2239 1573 2679 1642 Academicus
2706 1585 2973 1642 senatus

534 1688 599 1758 id
627 1707 762 1754 non
801 1687 980 1753 ultra
1011 1684 1287 1751 curavit.

621 1797 722 1865 Re
759 1803 978 1860 tamen
1011 1793 1535 1879 ingravescente,
1571 1789 1866 1876 magistri
1897 1788 2075 1855 haud
2109 1790 2397 1856 cunctati
2446 1799 2595 1856 sunt
2624 1791 2972 1876 quominus

536 1905 772 1971 iterum
802 1907 1259 1988 quererentur.
1292 1897 1505 1976 Quum
1540 1905 1756 1963 autem
1785 1897 1852 1963 in
1876 1897 2126 1964 honore
2161 1906 2376 1963 essent
2399 1897 2437 1962 J
2442 1898 2688 1977 esuitae,
2731 1918 2969 1966 novam

534 2008 852 2097 querendi
926 2008 1248 2074 rationem
1321 2004 1784 2074 adhibuerunt.
1866 2005 2210 2072 Professor
2268 2005 2533 2091 quidam
2599 2005 2971 2073 ordinarius

549 2120 967 2204 Volffanyus
987 2114 1356 2193 Zettelius,
1396 2115 1505 2200 qui
1525 2114 1688 2203 jam,
1719 2132 1892 2180 anno
1929 2111 2220 2202 1551(2),
2248 2113 2643 2200 stipendium
2680 2134 2971 2181 annuum

534 2227 776 2315 vigiliis
812 2234 876 2292 et
909 2223 1246 2293 laboribus
1279 2224 1617 2290 minimum
1647 2222 2049 2310 respondere
2090 2231 2354 2310 questus
2382 2231 2545 2303 erat,
2578 2245 2618 2290 a
2650 2225 2972 2312 magistris

534 2335 956 2407 Monachium
987 2335 1220 2400 missus
1246 2341 1342 2400 est
1368 2333 1477 2418 qui
1502 2331 1863 2399 dolentium
1887 2332 2191 2420 querelas
2219 2342 2656 2420 expromeret.

623 2444 769 2514 Nec
795 2443 1103 2528 ‚simplex
1145 2449 1286 2508 erat
1335 2439 1653 2526 querendi
1697 2442 1889 2520 ratio,
1935 2441 2172 2528 quippe
2214 2462 2414 2528 quum
2463 2466 2498 2503 α
2547 2461 2683 2508 una
2738 2451 2802 2508 et
2869 2443 2971 2510 lu-

535 2551 766 2622 crandi
801 2570 1041 2639 panem
1074 2558 1138 2615 et
1173 2549 1410 2615 altiora
1441 2547 1655 2615 studia
1693 2546 2131 2636 prosequendi
2165 2574 2201 2610 >
2242 2543 2655 2617 occasionem
2680 2551 2969 2638 magistri

540 2660 928 2730 amitterent.
979 2658 1118 2724 Etsi
1156 2662 1375 2722 tamen
1416 2654 1763 2743 diligenter
1805 2655 2207 2744 Wolfangus
2242 2656 2326 2723 ad
2365 2665 2674 2744 patronos
2703 2656 2967 2725 Acade-

538 2767 768 2839 demiae
800 2784 1066 2833 causam
1096 2765 1250 2851 egit,
1284 2763 1542 2851 integra
1563 2782 1672 2832 res
1703 2764 1963 2832 mansit.
2003 2761 2494 2832 Alienissimum
2521 2766 2693 2833 enim
2718 2773 2969 2853 tempus

539 2884 702 2956 erat,
743 2894 941 2961 quum
970 2873 1008 2938 J
1013 2874 1256 2952 esuitae,
1289 2862 1478 2939 nov'ae
1515 2870 1877 2939 studiorum
1899 2872 2169 2940 rationis
2196 2873 2495 2960 periculo
2524 2874 2722 2954 fact0,
2754 2873 2965 2940 maxi-

537 3003 712 3051 mam
750 2981 923 3071 apud
953 3001 1178 3055 omnes
1210 2980 1658 3047 auctoritatem
1692 2990 1756 3047 et
1791 2980 2069 3068 gratiam
2088 2990 2323 3063 ,essent
2357 2982 2659 3061 assecuti,
2701 2990 2765 3047 et
2796 3001 2971 3051 nova

537 3090 916 3160 Academiae
939 3098 1198 3168 statuta,
1227 3108 1400 3154 anno
1434 3085 1603 3156 1562
1627 3087 1873 3167 habita,
1906 3089 2148 3177 magna
2174 3110 2259 3155 ex
2281 3098 2467 3177 parte
2494 3088 2575 3156 ab
2602 3089 2739 3154 illis
2757 3089 2970 3156 refor-

538 3208 712 3265 mata
744 3198 1038 3265 fuissent.
1074 3195 1460 3263 Emendatio
1491 3205 1710 3262 autem
1741 3196 1866 3261 illa
1898 3196 2075 3263 haud
2109 3206 2238 3262 tam
2271 3195 2355 3263 ad
2386 3196 2747 3271 studiorum
2771 3198 2968 3265 ratio-

536 3326 688 3374 nem
719 3326 914 3392 quam
949 3304 1031 3371 ad
1063 3324 1319 3371 morum
1357 3302 1652 3371 habitum
1683 3303 2071 3390 pertinebat.
2117 3303 2312 3383 Haud
2348 3305 2671 3371 immerito
2712 3302 2969 3371 Acade-

536 3414 682 3482 miae
739 3414 896 3480 vitio
962 3412 1242 3479 dabatur
1304 3410 1477 3499 quod
1531 3431 1788 3478 morum
1844 3410 2261 3479 observantia
2314 3412 2529 3479 levius
2594 3420 2962 3479 curaretur.

535 3521 594 3588 A
646 3521 998 3609 principio,
1055 3540 1171 3587 seu
1220 3519 1656 3607 collegiorum
1706 3538 1826 3585 seu
1881 3522 2239 3587 Bursarum
2292 3519 2676 3588 fundatione
2738 3528 2969 3589 contra

534 3648 788 3695 morum
819 3628 1162 3694 lasciviam
1197 3627 1545 3715 provisum·
1570 3626 1822 3711 fuerat3
1856 3630 2151 3713 quamvis
2182 3637 2424 3708 tamen,
2468 3629 2719 3696 statutis
2751 3629 2960 3706 noviS,

531 3736 899 3822 regentium
950 3737 1178 3801 Bursae
1226 3722 1462 3800 munus
1506 3735 2094 3821 Bursariorumque
2143 3735 2490 3823 discipUna
2533 3736 2808 3803 fuissent
2847 3735 2963 3802 de·-

531 3844 794 3929 scripta,
835 3844 1055 3908 omnia
1086 3842 1456 3908 turbulente
1500 3844 1570 3907 in
1609 3843 1835 3908 Bursis
1862 3841 2258 3930 jampridem
2293 3843 2715 3930 gerebantur.
2748 3842 2964 3918 Quum
3059 3868 3065 3871 ·

531 3951 704 4015 enim
757 3949 1124 4036 regentium
1169 3950 1509 4016 interesset
1545 3950 2059 4036 quamplurimos
2093 3952 2161 4016 in
2195 3952 2419 4016 Bursis
2454 3950 2772 4017 stud10sos
2807 3970 2960 4017 ver-

526 4057 690 4135 sari,
736 4055 915 4122 haud
966 4054 1309 4124 obstabant
1357 4059 1514 4143 quiu
1559 4058 1831 4124 licentia
1874 4056 2221 4144 disciplina
2268 4068 2823 4144 corrumperetur,
2885 4076 2967 4123 eo

524 4164 778 4231 scilicet
814 4164 1114 4250 occupati
1154 4172 1226 4229 ut
1255 4183 1376 4252 pro
1418 4165 1537 4231 sua
1587 4166 1858 4251 quisque
1897 4174 2082 4252 parte
2122 4165 2421 4232 omnibus
2472 4165 2720 4233 artibus
2754 4162 2838 4230 ad
2892 4184 2962 4231 se

525 4270 880 4358 discipulos
907 4272 1280 4339 allicerent.
2844 4346 2857 4355 ,

611 4379 988 4446 Praevalida
1016 4378 1276 4465 quidem
1307 4368 1371 4445 et
1397 4378 1624 4447 adulta
1646 4380 1791 4447 haec
1818 4382 1975 4447 vitia
2004 4390 2190 4447 erant
2225 4406 2238 4446 :
2271 4401 2351 4447 ea
2376 4382 2550 4447 enim
2588 4382 2652 4447 U
2654 4381 2839 4447 lrz'ch
2874 4379 2963 4446 de

627 4611 678 4668 1.
718 4612 1000 4677 AnnaleS,
1032 4629 1124 4667 an.
1160 4612 1320 4670 1559.

625 4692 680 4749 2.
720 4691 1000 4764 Annales,
1035 4692 1086 4760 I,
1126 4692 1252 4749 224.
