3564 5588
1639 608 1722 620 -
1769 591 1937 636 XLII
1982 609 2066 620 —·

629 741 826 823 prout
853 733 934 798 ab
964 731 1266 800 omnibus
1293 735 1746 818 exspectatum
1784 733 2022 812 fuerat,
2066 753 2145 798 ea
2176 732 2545 800 liberalitas
2584 734 2814 814 valuit,
2861 755 3071 821 eoque

625 861 736 909 res
764 841 1081 928 pertinuit
1113 849 1186 906 ut
1227 839 1308 904 ab
1345 839 1648 905 omnibus
1686 861 1806 906 seu
1845 842 1914 906 in
1949 840 2274 920 docendo,
2314 861 2431 907 seu
2464 843 2533 907 in
2578 841 2891 909 discendo
2922 843 3074 910 dili-

627 950 858 1036 gentia
884 949 1097 1014 minor
1128 946 1578 1013 adhiberetur.

714 1055 964 1124 Eodem
1008 1055 1151 1120 fere
1211 1064 1525 1143 tempore,
1569 1076 1741 1122 anno
1796 1053 1989 1136 1527,
2032 1077 2205 1123 novo
2260 1059 2589 1144 exemplo,
2635 1060 3073 1126 Laurentius

623 1165 1092 1232 Hochwartus
1123 1183 1208 1228 ex
1251 1163 1536 1230 lectione
1565 1164 1906 1251 paedogioa
1946 1165 2015 1229 in
2055 1163 2451 1252 Paedagogio
2489 1166 2885 1252 stipendium
2919 1187 3071 1254 per-

625 1273 830 1358 cepit3
884 1271 1302 1358 primumque
1347 1269 1458 1350 24,
1521 1271 1760 1338 deinde
1830 1270 1919 1340 34
1975 1270 2396 1338 florenorum·
2454 1282 2707 1339 certum
2782 1276 3063 1362 pretium

623 1381 977 1447 constituit.

710 1488 950 1555 Miram
1011 1491 1230 1553 autem
1289 1487 1370 1554 ad
1421 1487 1825 1574 professores
1886 1488 2226 1576 eligendos
2285 1488 2699 1576 diligentiam
2767 1492 3071 1556 Bavariae

620 1597 835 1662 Duces
863 1596 1544 1682 adhibuerun1311que
1572 1617 1801 1661 omnes
1829 1597 2049 1681 quide
2078 1599 2381 1663 Bavariae
2407 1596 2606 1663 rebus
2638 1586 3063 1685 scripserunt,

622 1725 700 1770 eo
732 1705 990 1770 scilicet
1011 1705 1328 1791 temporis
1354 1705 1587 1790 spatio,
1628 1705 1710 1769 ab
1739 1724 1913 1772 anno
1954 1703 2131 1770 1530
2160 1705 2245 1772 ad
2284 1704 2477 1784 1540,
2516 1706 2841 1793 singulari
2867 1706 3069 1780 laude

619 1813 1210 1900 Ingolstadiensem
1233 1811 1664 1878 Academiam
1686 1812 1890 1878 fuisse
1912 1813 2239 1899 insignem
2265 1811 2620 1880 affirmant.
2660 1841 2695 1874 «
2722 1815 2828 1880 Ex
2851 1834 3070 1880 remo-

624 1947 659 1981 «
708 1921 968 1986 tissimis
995 1921 1190 1986 etiam
1229 1921 1587 2007 provinciis
1631 1921 2194 2006 praestantissimos
2227 1921 2548 1987 evocabat
2580 1923 2731 1988 Dux
2766 1942 3064 2010 praecep-

619 2040 793 2094 tores
847 2051 862 2094 :
923 2053 958 2087 »
1011 2028 1300 2112 Viylz'us
1345 2021 1436 2094 ab
1501 2026 1692 2111 Aytd
1737 2028 2093 2093 Zwichem
2152 2028 2458 2114 exemplo
2516 2037 2653 2112 est3
2713 2030 2824 2114 qui
2868 2051 3067 2115 quum

618 2135 782 2201 Jura
812 2134 997 2201 Dolae
1035 2144 1100 2199 et
1137 2134 1452 2213 BituricO,
1483 2143 1885 2219 postremum
1918 2134 2165 2200 Paduae
2199 2134 2549 2213 docuisset,
2592 2136 3067 2223 catholicaeque

617 2240 769 2308 fidei
816 2241 1324 2308 studiosissimus
1365 2251 1559 2320 esset,
1624 2267 1660 2302 <
1706 2261 1826 2328 per
1883 2262 2158 2329 magnos
2210 2242 2460 2327 aliquot
2501 2244 2682 2309 viros
2723 2269 2758 2303 >
2787 2244 3065 2331 jubente

617 2349 797 2415 Duce
826 2348 910 2414 ad
940 2348 1534 2434 Ingolstadiensem
1568 2349 2001 2415 Academiam
2030 2350 2340 2415 invitatus
2374 2358 2493 2415 est.
2521 2348 2652 2416 300
2686 2349 2923 2417 floreni
2963 2352 3067 2416 illi
3190 2361 3193 2364 ’

616 2457 949 2521 constituti
974 2465 1147 2534 sunt,
1191 2456 1611 2542 stipendium,
1655 2458 1797 2542 ipso
1842 2457 2071 2544 Viglio
2115 2456 2493 2536 confitente,
2544 2482 2580 2517 ‹
2622 2459 2836 2543 majus
2873 2480 3067 2544 quam

619 2589 654 2624 ‹
703 2564 846 2648 quis
871 2583 1162 2649 unquam
1197 2563 1566 2629 Germanus
1590 2565 1659 2628 in
1685 2563 2050 2629 Academia
2077 2563 2475 2630 Germanica
2502 2567 2886 2652 accepisset.
2918 2591 2955 2626 >

702 2671 802 2736 Ea
869 2691 946 2736 eo
1012 2670 1276 2736 facilius
1327 2691 1366 2735 a
1418 2670 1709 2736 Ducibus
1757 2671 2100 2758 diligentia
2149 2670 2613 2752 adhibebatur,
2656 2673 2830 2758 quod
2882 2676 3067 2759 quasi

613 2779 868 2844 summa
905 2776 1292 2843 auctoritate
1335 2798 1596 2865 semper
1641 2779 1745 2844 usi
1781 2768 2085 2845 fuissent.
2121 2778 2301 2845 Raro
2326 2780 2525 2861 enim,
2569 2801 2769 2867 quum
2803 2781 3063 2869 profes-

613 2905 827 2951 sorem
865 2884 1214 2971 quemdam
1249 2886 1544 2973 eligendi
1594 2887 1856 2952 occasio
1900 2888 2335 2973 contingeret,
2367 2888 2609 2954 litterae
2646 2890 2843 2956 Ducis
2888 2910 3070 2955 com-

610 2984 1009 3059 mendatitiae
1039 2992 1351 3077 deerantz,
1389 3014 1517 3060 nec
1555 2994 2007 3060 invitabantur
2032 2994 2252 3074 mod0,
2294 2993 2410 3060 sed
2441 2996 2626 3081 quasi
2655 2996 3067 3084 cogebantur

609 3098 996 3166 Academici
1022 3111 1094 3166 ut
1118 3099 1291 3167 dicto
1329 3106 1672 3188 parerent.
3134 3188 3145 3199 .

698 3207 896 3273 Anno
957 3208 1131 3273 enim
1185 3206 1378 3287 1517,
1444 3209 1514 3273 in
1571 3208 1788 3276 medio
1843 3210 2174 3297 Regentia
2256 3212 2540 3298 Collegii
2602 3212 2759 3278 novi
2826 3212 3059 3298 posita,
3100 3252 3115 3265 ·

609 3315 968 3381 Johannes
1021 3315 1610 3401 Schvottinyerus
1657 3336 1810 3381 cum
1862 3318 2198 3396 KretziO,
2268 3319 2378 3384 cui
2436 3317 2857 3384 Guilhelmus
2914 3320 3067 3385 Dux

609 3422 890 3502 faveret,
921 3422 1207 3509 petebat.
1241 3423 1586 3509 Quumque
1615 3423 2117 3511 Schvottingero
2136 3426 2450 3491 Facultas
2479 3420 2841 3513 suffragata
2867 3435 3059 3506 esset,

611 3528 716 3594 die
761 3528 842 3595 16
876 3531 1199 3608 Januarii‚
1243 3531 1498 3595 litteras
1538 3531 1688 3595 Dux
1721 3531 1896 3596 misit
1937 3557 1971 3591 «ε
2014 3552 2099 3597 ne
2139 3533 2453 3599 Facultas
2494 3554 2621 3599 nec
2663 3533 2892 3613 verb0,
2936 3554 3064 3600 nec

613 3662 648 3697 «
697 3636 877 3703 facto
913 3638 1056 3702 ullo
1092 3638 1286 3704 modo
1322 3638 1668 3725 impediret
1703 3640 2042 3705 Kretzium
2073 3641 2140 3705 in
2174 3643 2295 3706 sua
2330 3643 2679 3729 Regentia,
2710 3642 2829 3707 sub
2867 3644 3067 3730 poena

573 3732 648 3803 ’«
696 3744 1126 3831 relegationis
1163 3755 1228 3810 et
1282 3747 1644 3811 amissionis
1687 3756 1819 3812 tam
1863 3748 2222 3833 provinciae
2270 3768 2467 3834 quam
2516 3749 2797 3815 civitatis
2841 3750 3065 3837 Ingol-

613 3878 647 3912 ‹
697 3851 914 3917 stadii.
966 3878 1001 3913 2>
1047 3852 1283 3917 Statuit
1324 3854 1526 3939 igitur
1576 3853 1941 3920 Academia
1984 3856 2053 3920 in
2092 3856 2442 3952 consilium
2488 3866 2874 3936 convocata,
2922 3882 2958 3917 <
2993 3859 3063 3922 in

612 3980 647 4019 a<
696 3960 823 4025 hoc
857 3960 1122 4046 negotio
1159 3960 1630 4043 quiescendum
1665 3982 1806 4027 esse
1843 3987 1855 4027 :
1899 3988 1935 4023 «
1962 3963 2285 4050 Princeps
2322 3984 2479 4050 ergo
2515 3963 2717 4030 faciat
2745 3985 2895 4031 cum
2925 3964 3063 4031 col-

571 4085 574 4088 ·
613 4092 647 4126 ‹
697 4067 875 4153 legio
909 4065 1220 4151 quidquid
1250 4067 1415 4132 velit
1449 4072 1517 4133 et
1553 4089 1704 4133 cum
1747 4070 2049 4156 Regente
2086 4072 2209 4157 ipsi
2247 4072 2374 4136 sint
2407 4072 2626 4137 securi
2658 4081 2725 4137 et
2756 4072 2979 4158 quieti.
3022 4098 3057 4132 »

609 4174 688 4238 In
727 4174 1094 4259 Regentem
1133 4174 1435 4239 Kretzius
1481 4176 1732 4241 electus
1773 4185 1870 4242 est
1903 4174 2014 4265 (l).

687 4280 830 4355 Quo
853 4289 1074 4345 autem
1095 4281 1348 4368 majora
1368 4302 1408 4345 a
1426 4282 1716 4349 Ducibus
1738 4283 1821 4367 ad
1840 4283 2271 4350 Academiam
2292 4284 2618 4353 beneficia
2636 4286 2904 4353 fuerant
2922 4288 3063 4353 col.-

607 4388 769 4466 lata,
811 4406 888 4453 eo
915 4388 1183 4474 gravius
1213 4387 1410 4454 iidem
1439 4387 1922 4456 affectaverunt
1944 4393 2315 4478 imperium.
2341 4393 2495 4459 Non
2514 4398 2775 4459 tantum
2808 4414 2844 4458 e
2876 4395 3061 4460 Duce

606 4494 770 4579 ipso,
791 4494 908 4559 sed
936 4515 1022 4561 ex
1040 4495 1196 4581 ipsis
1221 4496 1420 4561 Ducis
1449 4497 1843 4563 consiliariis
1872 4508 1934 4563 et
1964 4519 1999 4564 e
2024 4504 2303 4586 patrono
2328 4500 2787 4567 Universitatis
2806 4500 3065 4568 solebat

602 4798 612 4805 Ι
717 4725 767 4783 1.
805 4722 1093 4797 Mederer,
1117 4723 1167 4795 Ι,
1194 4725 1316 4786 107.
