3564 5588
1465 635 1874 682 —XX1—

445 773 874 844 A‘ventinum.
919 779 1059 844 Imo
1095 778 1494 852 Aventinum
1529 787 1782 872 constat
1824 780 1904 844 ea.
1940 765 2349 858 auctoritate,
2398 780 2526 864 qua
2561 778 2735 864 apiid
2763 779 2891 843 Er·-

445 894 704 950 nestum
746 887 1112 973 principem
1157 888 1444 966 valeret,
1486 908 1678 952 usum
1717 906 1885 966 esse,
1932 896 2005 952 ut
2035 873 2211 953 nova
2248 889 2459 952 Bursa
2490 905 2611 972 pro
2637 884 2895 978 ¹duobus

446 991 812 1079 Magistri8‚
853 995 1068 1059 Bursa
1097 995 1352 1061 scilicet
1387 995 1480 1058 Li
1489 994 1775 1071 lz‘orum,
1822 993 2351 1060 constitueretur.
2397 988 2488 1058 In'
2512 995 2591 1058 ea
2636 993 2893 1080 potissi-

445 1119 625 1164 mum
656 1101 868 1165 Bursa
897 1100 1076 1166 haud
1093 1101 1304 1166 semel
1326 1091 1664 1167 litterariae
1689 1091 1997 1167 Societati
2024 1087 2335 1185 adscripti
2360 1099 2635 1166 Sodales
2652 1119 2897 1166 conve-

444 1215 708 1285 nerunt,
742 1206 962 1292 ibique
983 1207 1274 1294 plurima
1295 1207 1636 1274 Sodalium
1669 1219 1874 1295 opera
1895 1207 1975 1274 ab
2010 1208 2209 1272 initiis
2242 1206 2393 1272 data
2418 1217 2571 1274 sunt
2594 1203 2712 1296 (l).

533 1313 980 1380 Nihilominus
1009 1315 1288 1380 multum
1321 1315 1550 1381 aberat
1570 1325 1641 1380 ut
1667 1336 1821 1382 cum
1852 1315 2209 1402 superioris
2232 1313 2605 1380 Germaniae
2630 1311 2895 1379 Acade-

443 1420 589 1485 miis
609 1420 1150 1508 ·Ingolstadiense
1185 1421 1470 1488 studium
1494 1421 1927 1492 contenderet
1959 1447 1972 1487 :
2007 1421 2471 1509 Friburgensis
2504 1422 2703 1500 enim,
2732 1421 2896 1486 Hei-
3000 1453 3007 1466 ι

445 1523 920 1615 delbergensis‚
955 1526 1386 1608 ColoniensiS,
1419 1529 1847 1616 Moguntiaca
1876 1531 2073 1595 etiam
2115 1526 2496 1594 Academiae
2531 1517 2735 1614 longe
2780 1529 2895 1592 In-

443 1634 952 1720 golstadiensem
994 1646 1654 1722 praeoccupaverant,
1713 1637 2055 1721 multoque
2104 1637 2355 1723 majore
2413 1623 2801 1701 auditorum'
2836 1643 2900 1700 et

443 1741 886 1827 professorum
929 1761 1258 1809 concursu
1301 1753 1492 1809 erant
1538 1745 1831 1831 insignes
1871 1741 1987 1831 (2).
2037 1741 2424 1830 Ingolstadii
2463 1739 2683 1807 autem
2727 1741 2899 1806 nihil

441 1847 862 1914 omittebatur
886 1859 957 1915 ut
988 1851 1131 1936 pari
1166 1849 1418 1916 honore
1454 1851 1744 1917 Bavaria
1780 1851 2249 1916 illustraretur.
2289 1849 2487 1914 Anno
2514 1849 2691 1914 enim
2728 1843 2899 1914 1515

440 1975 480 2020 a
519 1953 882 2022 Guillelmo
923 1943 1092 2023 duce
1132 1957 1610 2044 Ingolstadium
1654 1966 1935 2043 quatuor
1978 1957 2183 2044 legati
2228 1957 2407 2022 missi
2446 1964 2599 2021 sunt
2650 1981 2685 2016 ‹
2726 1956 2901 2048 inter

445 2089 480 2124 ‹
513 2083 675 2148 quos
702 2063 783 2129 L.
817 2064 1068 2130 Eckius
1095 2064 1596 2149 Aventinusque
1632 2063 2158 2129 numerabantur
2180 2061 2270 2150 (3)
2300 2088 2335 2123 ›
2364 2083 2403 2128 a
2432 2057 2689 2148 quibuS,
2722 2088 2757 2123 ‹
2780 2053 2899 2126 etsi

440 2195 480 2230 «
517 2167 766 2264 negotii
805 2190 1007 2237 causa
1057 2168 1192 2237 non
1235 2170 1579 2236 manifeste
1624 2169 2011 2235 denuntiata
2039 2177 2157 2248 est,
2196 2195 2231 2229 ›
2285 2168 2665 2235 Academiae
2712 2168 2901 2254 leges

439 2263 936 2370 studiorumque
970 2278 1138 2343 ratio
1174 2278 1243 2342 in
1279 2277 1518 2342 melius
1547 2278 2075 2363 immutarentur.
2107 2275 2418 2361 Sequenti
2462 2276 2666 2374 igitur
2694 2294 2893 2352 anne,

413 2387 418 2390 ’
441 2403 644 2468 quum
671 2383 754 2448 ad
779 2383 847 2448 id
871 2393 1128 2472 tempus
1154 2383 1221 2450 in
1249 2384 1723 2470 philosophica
1747 2383 2091 2449 Facultate
2126 2383 2515 2449 Aristoteles
2544 2391 2797 2448 tantum
2834 2389 2900 2448 et

441 2489 678 2556 Petrus
701 2489 1034 2576 Hispanus
1059 2491 1463 2578 legerentur,
1490 2491 1811 2559 Johanm·
1835 2491 2060 2556 Echio
2088 2489 2333 2557 munus
2356 2490 2775 2557 commissum
2800 2497 2899 2554 est

445 2621 480 2656 ‹
520 2597 590 2662 in
630 2606 978 2684 utrumque
1029 2599 1222 2663 illum
1280 2607 1618 2664 auctorem
1671 2599 2182 2664 commentarios
2228 2622 2263 2657 ›
2314 2595 2650 2663 scribendi
2706 2617 2742 2656 α
2788 2594 2899 2681 qui

444 2729 478 2762 α
519 2703 833 2792 deinceps
868 2687 1138 2792 publice
1177 2706 1787 2793 explicarentur.»
1836 2704 2101 2770 Jussum
2140 2713 2238 2770 est
2275 2712 2349 2770 ut
2392 2704 2536 2770 haec
2574 2702 2899 2825 opuscula

439 2811 817 2899 Academiae
851 2814 1164 2901 impensis
1197 2813 1710 2880 excuderentur.

528 2917 875 2989 Guillelmi
909 2931 1130 2987 autem
1155 2922 1353 3001 Ducis
1387 2916 1762 2989 sollicitudo
1790 2921 2038 2987 clarius
2058 2919 2364 2987 innotuit.
2398 2919 2653 2989 Eodem
2690 2939 2890 2997 anne,

443 3028 638 3109 1516,
659 3029 856 3117 jussit
874 3028 956 3095 ab
979 3028 1266 3097 Urbano
1279 3029 1554 3115 Rheyio
1567 3029 1821 3095 litteras
1846 3028 2015 3095 mitti
2032 3028 2269 3115 quibus
2290 3028 2657 3095 Desiderio
2667 3027 2893 3093 Eras

436 3156 549 3203 mo
565 3136 834 3204 ducenti
853 3138 1038 3203 aurei
1063 3134 1154 3224 (4)
1171 3138 1240 3201 in
1266 3156 1474 3203 annos
1489 3136 1787 3225 singulos
1808 3146 1874 3203 et
1896 3136 2394 3223 opulentissima
2409 3134 2783 3203 sacerdotia
2796 3135 2897 3202 of-

435 3245 808 3327 ferrentur'3
845 3242 1140 3329 adeoque
1167 3244 1238 3309 in
1260 3239 1460 3309 totam
1495 3244 1923 3310 Germaniam
1961 3244 2219 3311 Ducum
2252 3244 2557 3320 Bavariae
2588 3241 2892 3309 liberali-

437 3351 585 3416 tatis
602 3351 821 3437 opinio
837 3351 1111 3437 vulgata
1126 3357 1269 3416 erat
1290 3359 1360 3416 ut
1377 3350 1462 3417 ad
1486 3352 1523 3415 J
1528 3352 1858 3417 ohannem
1884 3349 2174 3431 Fabrum
2196 3350 2495 3438 Rhegius
2515 3349 2595 3415 de
2617 3350 2895 3417 Erasmo

439 3457 759 3550 scriberet
790 3483 825 3549 :¹
844 3484 879 3519 ‹
909 3457 1120 3526 Credo
1151 3457 1455 3555 equidem
1486 3467 1716 3540 tennon
1741 3458 1953 3525 latere
1974 3465 2220 3545 quanto
2248 3476 2471 3524 amore
2498 3466 2563 3523 et
2584 3456 2892 3545 benigni-

444 3591 478 3624 «
513 3574 644 3631 tate
674 3566 829 3653 plus
863 3584 1060 3651 quam
1095 3568 1371 3651 paterna
1404 3566 1554 3632 Dux
1579 3565 1948 3633 Hernestus
1956 3614 2090 3633 .....
2130 3564 2565 3652 Gymnasium
2596 3573 2893 3631 nostrum

439 3698 473 3731 ‹
513 3673 1143 3760 Angelopolitanum
1193 3673 1576 3753 confoveat,
1623 3674 1921 3753 excolat,
1967 3674 2166 3752 ditet,
2212 3666 2486 3757 'suaeque
2528 3671 2895 3761 praesentiae

440 3806 475 3841 ‹
515 3779 870 3867 splendore
905 3780 1191 3846 illustret
1200 3828 1336 3847 .....
1374 3790 1575 3866 utque
1605 3781 1668 3846 ei
1707 3781 1790 3845 sit
1826 3781 1895 3845 in
1928 3782 2146 3847 animo
2181 3779 2586 3846 doctissimos
2623 3780 2891 3867 passim,

443 3912 476 3948 α
523 3884 638 3952 ubi
667 3886 780 3952 ubi
806 3888 874 3955 in
900 3886 1260 3956 Germania
1279 3887 1959 3969 fuerint„conducere
1984 3888 2231 3975 suaque
2262 3885 2664 3955 liberalitate
2694 3905 2891 3954 exor-

547 4195 601 4249 1.
650 4192 938 4261 mederer,
963 4190 1010 4264 1,
1038 4193 1126 4252 99.
1149 4192 1561 4268 -Βίρρετῑυε.
1583 4192 1949 4251 Dissertatio
1978 4191 2343 4249 Academica
2365 4190 2437 4246 cle
2454 4189 2899 4247 sodalitatibus

437 4272 768 4332 litterariis
812 4274 878 4330 in
931 4274 1181 4330 Boarid.
1240 4273 1407 4331 Oder-
1441 4297 1453 4331 ε
1497 4273 2215 4347 Revisionsratlt-Lippert
2240 4295 2251 4327 ε
2279 4271 2614 4327 thclericht
2648 4287 2761 4325 von
2789 4270 2927 4325 den,

434 4353 809 4430 eltemaliqen
836 4354 1143 4429 yelehrten
1174 4353 1658 4428 Gesellschaften.

545 4436 602 4493 2.
641 4436 923 4494 Raumer.
976 4434 1322 4492 Gesclaeichte
1365 4435 1474 4493 der
1517 4435 1895 4511 Padaqoyi'h,
1937 4432 2044 4503 IV,
2089 4433 2173 4490 35.
2215 4463 2285 4476 -—
2329 4431 2606 4487 Haiisser.
2637 4432 2757 4487 Die
2782 4438 2898 4491 An·

442 4514 694 4590 fanqe...
726 4534 786 4574 u.
809 4530 857 4575 ε.
885 4534 964 4574 w.

346 4608 354 4615 ‘
541 4598 600 4655 3.
633 4596 914 4667 Mederer‚
949 4598 998 4663 1,
1025 4598 1113 4655 99

561 4676 616 4733 4.
653 4679 946 4750 Epistola
971 4680 1225 4734 Erus-mi
1270 4678 1356 4736 ad
1396 4679 1744 4751 Jolemmem,
1789 4678 1960 4752 episc.
2001 4674 2343 4751 Roffensem.
2380 4676 2601 4750 Epist..
2646 4676 2775 4745 256,
2806 4676 2896 4733 ed.

435 4756 708 4831 Lugduni
733 4757 1098 4816 Batavorum.
1131 4760 1289 4817 1703.
