3564 5588
1401 590 1484 600 --
1533 573 1706 618 XVII
1753 587 1839 598 -·

404 714 748 802 Friburgae
779 724 844 782 et
877 713 1152 784 Basileae
1180 709 1271 799 (1)
1297 713 1624 798 poeticam
1652 693 2223 798 eloquentiamque
2251 711 2618 798 professum
2646 712 2851 780 fuisse

403 831 681 901 constat,
713 832 1061 906 antequam
1095 821 1162 886 in
1193 818 1394 884 Celtis
1426 821 1649 886 locum
1685 819 2095 888 succederet.
2144 821 2351 884 Poeta
2394 829 2458 885 et
2510 820 2844 905 1110010111.-

402 939 626 997 reatus
655 930 897 996 exstitit
925 925 1040 1017 (2),
1100 937 1166 993 et
1205 927 1434 994 forsan
1477 927 1557 994 ab
1602 929 1743 1014 ipso
1791 927 1974 994 Celte
2012 928 2249 994 laurea
2295 928 2421 992 fuit
2471 937 2845 1006 coronatuS,

401 1023 702 1123 interque
733 1038 942 1104 socios
975 1034 1348 1102 Sodalitatis
1373 1036 1717 1102 Rhenanae
1753 1044 2226 1104 annumeratus
2263 1044 2381 1100 est.

493 1145 880 1233 cognomen.
907 1142 1078 1209 illud
1115 1143 1607 1230 PhilomusuS,
1651 1165 1778 1229 quo
1818 1143 2014 1210 unice
2043 1152 2472 1230 nuncupatus⁴
2500 1153 2850 1231 esu-argu-

307 1283 315 1290 .
404 1263 696 1320 mentum
736 1260 834 1318 est
871 1251 1086 1336 qualis
1123 1250 1205 1316 ab
1252 1251 1616 1337 aequalibus
1653 1252 1787 1316 suis
1832 1258 2026 1336 poeta
2062 1249 2265 1315 fuerit
2295 1250 2581 1319 habitus,
2619 1252 2851 1339 Ingol-

404 1359 770 1427 stadiisine
807 1359 950 1424 ulla
985 1359 1491 1438 intermissione,
1521 1379 1599 1425 eo
1621 1377 1837 1444 ,usque
1872 1357 2086 1424 donec
2122 1367 2416 1424 mortuus
2440 1358 2524 1445 (3)
2564 1359 2667 1444 sit,
2695 1379 2851 1446 pro—

404 1469 610 1534 fessus
645 1476 764 1533 est.
1297 1487 1307 1497 ·
1369 1465 1388 1486 ‘

281 1661 290 1666 ⁸
491 1575 834 1642 Locherus
868 1576 1164 1661 profecto
1199 1577 1370 1643 inter
1411 1596 1523 1644 eos
1566 1574 1973 1661 professores
2016 1575 2237 1640 locum
2280 1573 2576 1640 obtinere
2624 1573 2848 1656 debet,

370 1730 373 1733 ,
403 1684 514 1768 qui
545 1683 833 1770 plurima
875 1685 1197 1769 opuscula
1234 1683 1560 1749 ediderint
1596 1681 1718 1768 (4);
1755 1702 1884 1747 nec
1915 1691 2139 1748 tamen
2171 1665 2277 1749 tot‘
2300 1681 2541 1776 11110111
2563 1683 2856 1770 ejusdem

403 1809 630 1856 omnes
674 1791 868 1878 pretii
903 1799 1076 1858 sunt.
1120 1791 1378 1856 Primas
1418 1799 1663 1869 tenent,
1685 1877 1688 1880 ῃ
1709 1799 1977 1876 propter
2010 1790 2368 1856 novitatem
2402 1790 2524 1868 rei,
2560 1799 2692 1856 tres
2718 1791 2858 1856 illae

401 1897 648 1965 fabulae
675 1898 757 1964 ab
791 1898 911 1964 1110
949 1897 1338 1986 Ingolstadii
1368 1899 1583 1966 editae.
2894 1881 2903 1888 ’

491 2008 528 2072 J
534 2027 639 2072 am
669 2027 842 2073 anno
875 2005 1068 2086 1497,
1105 2006 1331 2072 Idibus
1363 2007 1555 2074 Maiis
1589 2007 1657 2070 in
1684 2006 2044 2093 Gymnasio
2077 2006 2508 2094 Friburgensi
2542 2027 2585 2072 a
2611 2015 2854 2072 semet·-

402 2115 542 2201 ipso
588 2114 938 2182 confictam
985 2140 1019 2175 ‹
1074 2114 1498 2200 Trayedz‘am
1535 2115 1618 2180 de
1651 2115 1949 2180 Tharais
1974 2119 2041 2180 et
2064 2114 2389 2180 Suldano
2424 2140 2459 2174 ›
2517 2115 2861 2186 Locherus

404 2231 631 2310 egerat
685 2221 797 2308 (5).
848 2223 994 2290 Hoc
1049 2223 1414 2290 Turcarum
1461 2231 1736 2299 terrore,
1792 2221 2006 2307 quoad
2059 2222 2244 2300 vixit,
2299 2221 2691 2288 sollicitatus
2740 2218 2852 2308 (6),

402 2329 566 2396 duas
600 2329 682 2396 de
715 2330 948 2396 Turcis
979 2330 1264 2410 fabulas,
1297 2350 1602 2415 annoque
1646 2327 1839 2408 1521,
1875 2318 2109 2396 contra
2132 2331 2391 2394 -Turcas
2430 2354 2464 2389 ‹
2494 2323 2861 2405 Eaehorta-
2938 2398 2943 2402 ,

405 2462 442 2497 ‹
493 2437 756 2504 tionem
802 2438 1157 2504 heroicam
1191 2463 1228 2499 ι
1284 2437 1671 2524 composuit.
1726 2437 1805 2500 In
1842 2436 1962 2502 1110
2004 2436 2387 2502 fabularum
2419 2456 2690 2523 genere,
2738 2437 2859 2504 etsi

397 2544 470 2610 in
498 2544 883 2631 praefatione
910 2565 980 2610 se
1019 2570 1053 2607 α
1082 2545 1461 2610 inusitatum
1485 2544 1907 2610 Allemannis
1933 2545 2173 2610 nostris
2208 2545 2621 2630 scriptitandi
2648 2528 2855 2632 genus

339 2675 341 2677 ¹
408 2678 445 2712 c
493 2654 827 2739 aperuisse
875 2650 990 2740 (7),‘
1019 2678 1054 2712 ›
1107 2653 1456 2718 Locherus
1499 2651 1866 2739 profitetur,
1906 2652 2077 2717 nihil
2114 2651 2317 2718 laude
2354 2650 2625 2736 dignum
2663 2672 2859 2738 repe·
2934 2711 2939 2717 .

402 2761 536 2827 rias
559 2757 674 2847 (8).
709 2761 862 2827 Non
900 2780 1058 2848 ergo
1099 2761 1360 2829 initium
1389 2761 1460 2826 in
1493 2759 1740 2827 fabulis
1775 2759 2121 2827 Locherus
2154 2758 2467 2837 faciebat,
2505 2753 2719 2845 quum
2744 2760 2856 2825 In-

403 2868 710 2954 golstadii
733 2869 877 2934 haec
915 2894 950 2929 ‹
979 2867 1276 2937 dramata
1307 2895 1341 2929 ›
1379 2869 1653 2935 ederet·

497 2974 558 3041 1⁰
609 3001 644 3036 ‹
682 2976 1044 3043 Ludicrum
1077 2976 1351 3043 drama:
1393 2977 1704 3055 Plautino
1733 2995 1917 3042 more
1957 2975 2210 3043 factum
2238 2997 2278 3041 a
2309 2975 2347 3041 J
2352 2976 2560 3043 acobo
2594 2978 2857 3046 Locher

416 3262 422 3268 ‘
509 3252 560 3311 1.
600 3250 866 3323 Fin'auer,
895 3268 951 3327 p.
987 3252 1076 3313 89.

349 3398 356 3411 ,
508 3336 562 3394 2.
603 3334 670 3403 In
703 3336 890 3393 fronte
931 3352 1174 3393 suorum
1203 3335 1480 3393 librorum
1519 3335 1670 3392 solet
1695 3334 1876 3391 Celtis
1904 3334 2094 3407 effingi
2134 3335 2358 3402 eodem,
2391 3351 2507 3407 quo
2545 3335 2720 3408 pagii,
2752 3334 2857 3391 ha·-

405 3415 528 3471 bitu
558 3422 618 3471 et
645 3416 866 3489 ingenti
895 3417 1108 3473 hedeni
1150 3417 1470 3474 redimitus,

511 3496 563 3553 3.
603 3496 886 3569 Proprius
914 3502 1010 3555 est
1037 3499 1210 3553 fidem
1243 3497 1461 3555 Celtem
1489 3515 1583 3565 an.
1626 3498 1756 3555 15‘23
1788 3499 2199 3555 decessisse..

511 3576 564 3631 4.
606 3576 714 3632 Tot
737 3594 979 3652 operum
1007 3578 1199 3635 indice
1225 3585 1356 3635 octo
1387 3580 1610 3651 paginae
1639 3579 1795 3651 apud
1821 3578 2172 3635 Finaueium
2200 3578 2537 3693 implentur.

514 3658 565 3713 5.
608 3658 750 3714 Loci
796 3665 856 3714 et
896 3660 1177 3731 temporis
1207 3660 1424 3715 mentio
1455 3660 1640 3715 deest.
1685 3660 1909 3715 Libello
1944 3658 2622 3715 inscribitu1:«Libri
2648 3659 2859 3717 Philo-

405 3738 562 3795 musz'
588 3739 950 3812 Paneqyrici
978 3738 1065 3796 ad
1091 3744 1322 3813 Reqem,
1358 3740 1662 3814 Traqedia
1693 3740 1766 3796 de
1813 3740 2057 3797 Thurcis
2085 3745 2142 3795 et
2169 3739 2459 3807 Saldania,
2492 3738 2751 3813 Dyaloq.
2784 3740 2858 3797 de

406 3818 819 3875 heresiarchis,

512 3898 564 3955 6.
605 3882 826 3955 Iterum
854 3900 924 3955 de
961 3898 1210 3958 Tui-cis‘
1193 3918 1253 3958 111
1284 3902 1649 3977 Paneqyric'o
1689 3902 1905 3959 mentio
1942 3902 2049 3958 fit:
2085 3922 2111 3955 α
2142 3900 2312 3959 Sistit
2334 3900 2549 3975 pedem
2574 3901 2859 3975 pessimus

407 3979 574 4038 latro
602 3983 986 4054 Bajazetus»
996 3981 1182 4039 ‚Haec
1215 3984 1392 4039 verba
1433 3985 1504 4039 ad
1531 3984 1799 4057 praelium
1823 4000 2003 4057 prope
2032 3981 2365 4055 Nicopolim
2395 3988 2676 4059 spectant.

513 4061 626 4117 7.‹
625 4064 746 4117 In
769 4064 1002 4137 traqioi
1027 4062 1164 4120 ludi
1187 4064 1528 4137 spectaculo
1553 4063 1911 4138 prefatio.»

513 4144 568 4201 8.
608 4141 673 4197 Id
727 4144 1095 4217 opusculum,
1151 4146 1361 4217 partim
1416 4145 1604 4200 soluta
1647 4146 1930 4209 oratione,
1976 4144 2187 4217 partim
2234 4144 2505 4200 versibus
2552 4146 2855 4217 scriptum,

410 4239 590 4298 prope
623 4222 838 4280 nullius
869 4224 1148 4281 momenti
1176 4232 1282 4281 est.
1316 4225 1491 4282 Chori
1518 4230 1732 4296 partes,
1763 4225 1977 4297 quibus
2010 4229 2179 4281 actus
2210 4224 2427 4296 singuli
2454 4225 2857 4291 absolvuntur,

408 4304 546 4359 solae
567 4302 842 4361 carminis
869 4306 1042 4361 modo
1073 4306 1314 4362 inclusae
1342 4311 1502 4363 sunt.
1525 4334 1596 4347 --
1615 4306 1653 4361 J
1655 4306 2033 4361 actantiorem
2053 4305 2309 4361 auctoris
2340 4305 2723 4362 eruditionem
2752 4306 2863 4361 im-

409 4384 704 4441 moderata
731 4401 1110 4457 personarum
1137 4386 1443 4458 soliloquia
1469 4392 1774 4443 testantur.
1812 4386 2015 4461 Fidem
2056 4386 2271 4443 facient
2307 4386 2433 4441 haec
2464 4385 2741 4441 dramatis
2764 4402 2861 4442 ar·

409 4472 683 4537 gumenta
716 4484 729 4519 2
761 4466 953 4523 Actus
970 4464 1019 4521 Ι.
1059 4465 1327 4523 Continet
1356 4468 1516 4524 Fidei
1541 4468 1963 4539 querimoniam
1984 4468 2350 4538 lamentaque
2374 4466 2561 4521 tristia
2578 4466 2863 4523 adversus

409 4549 640 4618 genteS.
673 4546 941 4603 —Actus
970 4542 1077 4624 ΠΙ.
1115 4546 1308 4605 Caesar
1337 4553 1395 4603 et
1421 4548 1887 4604 Christianorum
1910 4547 2240 4619 principum
2269 4548 2498 4616 legatus
2527 4546 2596 4601 de
2623 4546 2775 4601 bello
2802 4548 2860 4602 in

411 4625 671 4681 'thurcos
696 4632 754 4683 et
780 4626 1042 4684 Gentiles
1084 4630 1430 4685 consultant.
1477 4659 1546 4670 —
1580 4628 1772 4685 Actus
1810 4626 2279 4685 IV..Decretum
2322 4628 2594 4683 bellicum
2638 4634 2697 4683 et
2724 4643 2862 4685 con·

373 4778 386 4791 ς
409 4705 754 4763 saltationes
783 4706 997 4766 Thurci
1027 4715 1087 4765 et
1115 4707 1356 4767 Suldani
1384 4731 1432 4766 1».
1467 4739 1536 4750 -
1566 4708 1634 4765 In
1660 4710 1800 4779 fine,
1830 4708 2042 4781 ingens
2069 4707 2437 4779 Triumphus.

2576 4814 2608 4871 b
