3564 5588
15 4666 22 4845 *vva—off
16 4642 17 4649 ⁴

16 5214 26 5250 v„
16 5150 18 5155 .

1567 553 1645 562 -
1697 537 1843 582 VIII
1890 555 1971 564 ·—

594 683 767 746 nime
792 677 1162 748 mirandum
1191 685 1287 742 est
1315 677 1392 755 si,
1423 677 1601 745 circa
1627 677 1831 756 initia,
1866 679 1933 742 in
1958 676 2320 744 Academia
2338 677 2781 744 discidiorum·
2800 687 3037 746 et'cer-

592 788 909 852 taminum
933 783 1340 850 intuentibus
1364 783 1554 848 n'obis
1575 786 2028 870 spectaculum
2062 781 2353 850 offertur.

679 894 898 958 Exea
929 899 1311 960 statutorum
1343 899 1530 978 parte
1563 910 1708 975 quae
1743 890 1827 955 ad
1860 891 2272 958 Facultatem
2302 891 2675 957 Artisticam
2709 893 3043 978 pertinent

592 1001 752 1065 licet
783 999 1159 1086 intelligere
1197 995 1370 1061 duas'
1386 997 1557 1060 inter
1587 1017 1658 1062 se
1691 995 1991 1064 diductas
2027 1007 2249 1085 partes
2283 998 2352 1062 in
2385 995 2749 1065 Academia
2783 996 2983 1064 fuisse
3016 1025 3031 1064 :

608 1106 755 1170 Viae
783 1103 1136 1170 modernae
1167 1107 1236 1170 et
1276 1102 1422 1167 Viae
1454 1103 1778 1187 antiquae
1811 1103 1896 1189 (1)
1941 1105 2292 1187 fautore&
2320 1123 2490 1181 seu,
2533 1105 3036 1171 immutato‘no-

599 1213 795 1289 mine,
824 1210 1257 1289 *Nominales
1283 1213 1350 1274 et
1379 1209 1792 1286 Remea-Ea
1824 1211 2131 1275 nimirum
2167 1210 2431 1295 partitio
2478 1229 2613 1276 non
2656 1211 3040 1297 Ingolstadii

600 1317 789 1384 modo
809 1318 990 1404 justa
1016 1314 1421 1382 habebatur:
1445 1317 1565 1380 etsi
1587 1335 1909 1402 nusquam
1932 1316 2093 1382 alibi
2120 1315 2423 1382 distincte
2454 1315 2621 1381 adeo
2637 1329 2745 1382 res
2772 1319 3041 1402 agnosci

598 1433 816 1510 queat,
855 1422 1323 1490 certaminibus
1347 1423 1666 1510 ejusmodi
1696 1423 2075 1489 Academiae
2114 1442 2340 1488 omnes
2376 1441 2455 1488 eo
2479 1431 2771 1508 tempore
2802 1426 3039 1510 exagi—

599 1530 909 1596 tabantur
931 1528 1051 1614 <2):
1080 1527 1572 1617 Heidelbergae,
1602 1539 1734 1595 tres
1765 1530 1995 1596 bursae
2006 1528 2091 1615 (3)
2117 1531 2186 1594 in
2218 1528 2379 1594 duas
2408 1521 2629 1614 partes
2656 1528 3042 1594 divideban-

533 1719 539 1726 ,
599 1647 728 1714 tur,
775 1635 995 1719 ibique
1039 1635 1425 1702 Nominales
1476 1635 2019 1728 dominabantur3
2082 1635 2401 1722 Tubingae
2449 1644 2690 1714 autem,
2738 1637 2926 1721 sopiti
2964 1639 3057 1701 ea·

601 1752 789 1808 aetate
840 1742 1062 1818 animi,
1115 1742 1532 1808 Reformatae'
1561 1743 1903 1830 religionis
1953 1752 2247 1828 tempore
2284 1742 2504 1807 acrius
2550 1743 2841 1807 excitati
2893 1740 3041 1808 fue-

601 1858 778 1914 runt.

694 1955 888 2020 Anno
921 1952 1092 2022 1472
1124 1956 1416 2042 legitime
1448 1957 1788 2040 utriusque
1812 1925 1961 2022 Viae
1988 1955 2281 2022 fautores
2310 1957 2550 2022 secreti
2576 1966 2727 2021 sunt
2754 1966 2820 2021 et
2846 1965 3045 2024 statu-

605 2062 686 2126 tis
737 2071 1038 2127 sanctum
1089 2071 1186 2128 est
1223 2088 1257 2123 ‹
1308 2072 1379 2127 ut
1420 2063 1730 2129 Facultas
1763 2063 2024 2136 Artium
2061 2063 2209 2128 Viae
2236 2063 2574 2147 utriusque
2612 2083 2789 2128 suos
2784 2064 3049 2128 valeret

608 2168 950 2236 dinoscere
981 2193 1016 2228 >
1059 2168 1172 2254 (4).
1227 2169 1500 2254 Utrique
1548 2170 1697 2236 Viae
1747 2183 1905 2234 suus
1948 2179 2246 2255 praeerat·
2280 2169 2595 2248 decanus,
2646 2169 2727 2236 de
2771 2171 3046 2254 utraq'ue

587 2275 740 2339 *Via
766 2276 1020 2340 electus
1053 2274 1164 2361 (5).
1212 2277 1347 2341 Sua
1387 2277 1626 2360 cuique
1664 2276 1812 2342 Viae
1849 2275 2153 2363 specialis
2187 2276 2536 2362 matricula
2569 2285 2711 2342 erat
2748 2275 2860 2361 (6).
2905 2276 3047 2343 Nec

611 2390 830 2446 tamen
877 2402 961 2447 ex
1005 2383 1218 2447 altera
1260 2383 1342 2446 ad
1394 2383 1670 2448 alteram
1719 2383 1917 2447 Viam
1970 2382 2273 2450 studiosis
2322 2381 2707 2450 transeundi
2764 2382 3049 2450 facultas

485 2575 493 2586 ι
611 2487 1124 2554 concedebatur.
1175 2487 1442 2553 Duobus
1477 2507 1734 2573 quoque
1765 2489 2057 2554 consiliis
2099 2491 2380 2572 antiquae
2424 2497 2487 2553 et
2525 2487 2859 2556 modernae
2904 2490 3051 2556 Viae

607 2613 720 2658 res
752 2594 1326 2660 committebantur
1360 2593 1486 2680 (7);
1533 2605 1597 2658 et
1641 2616 1841 2687 quum
1884 2597 2109 2660 Bursae
2148 2595 2443 2661 alterutri
2488 2595 2703 2661 ordini
2749 2595 3050 2661 obnoxiae

614 2709 854 2776 essent,
901 2701 1282 2766 alterutrius
1322 2702 1470 2766 Viae
1511 2700 1761 2767 decano
1810 2721 2051 2788 regens
2091 2703 2318 2768 Bursae
2370 2703 2693 2768 rationem
2739 2701 3045 2768 debebat.

615 2807 969 2893 Magistri
953 2810 1073 2894 ipsi
1127 2808 1432 2874 bifariam
1477 2829 1546 2873 se
1595 2808 2002 2887 dividebant,
2044 2828 2172 2876 nec
2212 2810 2281 2875 in
2324 2812 2601 2894 utraque
2644 2810 2777 2875 Via
2822 2809 3085 2875 iisdem,

611 2912 798 2978 libris
823 2912 1094 2981 studiosi
1117 2915 3059 2987 utebantur..

704 3022 844 3086 Etsi
873 3021 1001 3087 duo
1036 3021 1270 3089 decani
1302 3032 1368 3088 et
1395 3021 1526 3088 duo
1558 3024 1837 3089 consilia
1867 3033 2095 3102 erant,
2105 3026 2173 3088 in
2203 3044 2407 3089 unum
2444 3024 2749 3089 aerarium
2780 3024 2996 3089 soluta
3015 3044 3055 3088 a

614 3128 915 3197 studiosis
945 3132 1230 3215 pecunia
1267 3130 1712 3216 recipiebatur
1741 3130 1863 3217 (8).;
1904 3131 2020 3196 sed
2064 3152 2257 3198 suum
2299 3132 2537 3216 cuique
2572 3131 2721 3199 Viae
2760 3131 3053 3219 sigillum

724 3354 774 3408 1.
815 3352 1100 3410 Raumer.
1141 3352 1478 3409 Gesohichte
1507 3352 1617 3409 der
1654 3352 2033 3427 Poedaqoqilc,
2064 3351 2167 3423 IV,
2198 3351 2295 3410 24.

719 3433 774 3488 2.
815 3432 1070 3491 Haiiser.
1116 3432 1223 3487 Die
1251 3432 1528 3507 Anfct-nqe
1557 3433 1666 3488 der
1713 3432 2081 3491 Massi-when
2106 3431 2351 3489 Studien
2396 3448 2471 3487 zu
2500 3430 2876 3505 Heidelberq.
2910 3430 3055 3486 Hei·

614 3474 1606 3649 deliget-{¹3331³·826Academicae
1625 3610 1814 3665 genus
1834 3592 2122 3664 quoddam
2142 3592 2516 3647 convictuum
2537 3592 2929 3664 publicorum,
2948 3607 3056 3647 seu

615 3672 1016 3743 collegiorum,
1067 3690 1196 3744 quae
1245 3690 1318 3729 ex
1369 3671 1633 3730 instituto
1687 3666 2037 3729 parisiensis
2091 3671 2422 3728 Academiae
2477 3671 2639 3761 apud·
2681 3671 3057 3729 Germanicas

614 3750 964 3808 Academias
985 3754 1213 3809 fuerant
1238 3753 1498 3810 fundata.
1537 3753 1833 3809 Artisticae
1858 3752 2174 3809 Facultatis
2210 3751 2511 3823 auspiciiS,
2550 3750 2677 3806 suis
2714 3758 2905 3806 tamen
2936 3758 3056 3805 sta·

617 3834 780 3901 tutis,
811 3848 919 3887 suo
947 3840 1191 3897 rectore,
1224 3835 1348 3889 sive
1376 3840 1748 3901 conventoie,
1780 3850 1889 3889 suo
1918 3837 2293 3905 procuratore
2334 3831 2459 3887 sive
2482 3846 2807 3894 ,aeconomo
2854 3830 3059 3886 Bursae
3170 3822 3177 3831 “

619 3912 951 3969 utebantur.
989 3912 1310 3969 But-sarum
1341 3914 1638 3981 benefici0,
1669 3913 1939 3983 studiosi,
1964 3913 2054 3967 vel
2084 3913 2311 3983 inopes,
2343 3910 2571 3967 facilius
2597 3926 2777 3983 prope
2798 3910 3059 3965 Faculta-

617 3998 736 4046 tem
780 3991 981 4048 sedem
1023 3992 1346 4059 habebant;
1394 3994 1674 4051 attentius
1718 3992 1897 4049 iidem
1946 3992 2402 4049 observabantur
2447 3990 2586 4063 quid
2630 3997 2898 4062 agerent3
2950 4005 3061 4045 nec

618 4071 894 4127 deerant
879 4088 940 4126 m
963 4071 1112 4129 Burs
1090 4073 1168 4127 is
1195 4073 1296 4144 qui
1323 4072 1718 4129 ediscentibus
1745 4072 2051 4145 discipulis
2070 4078 2453 4145 praeceptores
2481 4072 2841 4128 assisterent.
2881 4070 3057 4139 Prop-

617 4162 708 4285 ζει·
730 4152 856 4207 haec
885 4152 999 4207 tria
1026 4159 1334 4219 momenta,
1376 4153 1530 4207 haud
1571 4170 1642 4207 ex
1671 4170 2035 4225 supervacuo
2064 4154 2134 4208 ad
2172 4151 2550 4249 Academiam
2580 4150 2785 4207 Bursae
2817 4149 3059 4206 accede-

654 4239 771 4289 ant.

723 4314 776 4369 4.
817 4317 1008 4380 Ami„
1039 4302 1147 4379 1'V,
1179 4314 1272 4372 81.

671 4402 675 4407 “
723 4394 775 4451 5.
819 4393 1263 4465 statuta,1742.
1293 4399 1452 4451 Anu.
1482 4394 1594 4465 IV,
1631 4394 1816 4467 p.,‘.4.

725 4474 778 4529 6.
817 4474 1010 4540 laid..
1042 4493 1106 4549 p.
1146 4475 1241 4533 81.

726 4553 770 4608 7.
819 4559 902 4609 De
930 4555 1168 4612 Duobus
1197 4556 1456 4613 consiliis
1484 4557 1789 4619 habendis.
1819 4556 1923 4621 IV,
1959 4574 2019 4628 p.
2056 4558 2147 4615 70.

725 4634 776 4689 8.
825 4638 903 4689 De
931 4640 1243 4708 Receptore
1266 4640 1684 4709 pecuniarum,
1714 4636 1819 4705 IV,
1855 4639 1947 4694 ''I-¹1.
