3564 5588
1521 605 1891 649 —xv—

443 749 860 837 Panegyrico
892 746 1264 813 Germaniae
1289 745 1520 812 laudes
1556 745 2007 823 celebrantur,
2040 745 2122 810 de
2152 749 2281 843 qua
2312 747 2653 832 scripserit
2683 774 2717 809 ‹
2739 748 2884 836 jus-

441 868 580 925 tum
608 859 677 924 in
701 858 908 942 ipsam
941 855 1201 920 Italiam
1225 852 1308 918 ab
1336 853 1458 918 illa
1472 853 1823 939 imperium
1846 852 2141 920 habitum
2169 853 2395 918 fuisse.
2422 879 2457 913 ›
2488 855 2632 920 Hac
2658 855 2889 920 eadem

441 973 662 1030 mente
688 983 925 1052 poema
953 960 1317 1047 composuit
1337 958 1588 1026 Celtis<
1609 960 1695 1025 de
1717 959 2123 1026 Germanice
2142 962 2292 1026 situ
2318 963 2383 1026 et
2416 959 2835 1047 moribusss)
2851 987 2885 1022 ›

441 1081 506 1138 et
545 1069 940 1165 Hroswithae
973 1086 1246 1134 carmen
1280 1068 1358 1132 in.
1375 1067 1597 1132 lucem
1625 1065 1851 1131 edidit.
1931 1053 1937 1068 ⁸

531 1177 747 1251 Quum
789 1173 1180 1261 Ingolstadii
1223 1181 1496 1260 ageret,
1533 1197 1570 1234 α
1609 1173 1941 1257 Epitome
1984 1172 2065 1236 in
2102 1176 2486 1256 utramque
2534 1172 2893 1240 Ciceronis

445 1309 481 1344 ‹
517 1282 994 1359 Rhetoricam‚
1039 1300 1202 1346 eum
1239 1283 1396 1345 arte
1427 1277 1901 1346 memorativa*
1934 1283 2003 1344 et
2030 1279 2233 1344 modo
2274 1281 2495 1364 episto
2508 1281 2711 1345 landi
2741 1281 2889 1345 uti·-

447 1416 481 1451 ‹
527 1390 798 1458 lis-simo
841 1413 878 1450 >
915 1387 1115 1454 Celtis
1151 1387 1380 1464 edidit,
1415 1384 2003 1470 Maximilianoque
2044 1387 2492 1454 Romanorum
2529 1389 2675 1474 regi
2708 1387 2893 1453 dedi-

443 1500 617 1563 cavit
643 1495 754 1582 (2),
801 1493 971 1560 nihil
1018 1492 1202 1561 aliud
1249 1513 1444 1579 quam
1489 1493 1867 1559 Rhetoricae
1909 1492 2375 1572 Enchiridion,
2428 1513 2513 1559 ex
2559 1493 2894 1559 Ciceronis

441 1603 750 1690 operibus
797 1601 976 1668 haud
1026 1601 1170 1666 sine
1223 1609 1364 1666 arte
1411 1619 1830 1685 expressum,
1880 1600 1999 1664 etsi
2050 1597 2387 1665 Ciceronis
2437 1601 2639 1685 ipsius
2686 1599 2896 1666 verba

442 1709 794 1795 saepissime
844 1707 1149 1772 retulerit
1181 1716 1245 1771 et
1282 1731 1317 1766 ‹
1359 1725 1554 1792 poene
1603 1707 1801 1771 totius
1845 1706 2158 1771 orationis
2204 1707 2345 1794 ejus
2384 1704 2571 1771 filum
2600 1705 2713 1794 (3),
2752 1725 2891 1771 »se

441 1818 581 1902 ipso
621 1824 782 1883 teste
824 1814 1023 1882 fuerit
1063 1821 1348 1880 secutus.

527 1921 627 1988 Eo
651 1930 872 1988 tamen
911 1920 1164 2007 majore
1201 1920 1587 1986 auctoritate
1636 1920 1705 1984 in
1755 1921 1901 2005 ipsa
1958 1918 2327 1985 Academia
2370 1918 2643 1987 valebat
2692 1918 2893 1984 Celtis

442 2049 569 2113 quo
605 2048 675 2092 se
704 2029 921 2091 minus
957 2027 1132 2091 intra
1164 2026 1546 2092 Academiae
1577 2044 1802 2090 muros
1830 2025 2231 2091 continebat.
2266 2024 2520 2092 Auctor
2550 2027 2756 2089 enim
2770 2025 2893 2090 fuit

442 2135 712 2203 illarum
736 2143 1082 2220 poetarum
1107 2127 1533 2210 Societatum‚
1568 2153 1847 2216 quarum
1882 2152 2199 2199 numerus
2226 2133 2545 2218 paulatim
2566 2133 2804 2197 mirum
2825 2133 2892 2195 in

442 2241 710 2308 modum
756 2240 1065 2316 creverit,
1125 2264 1159 2299 ‹
1205 2239 1532 2325 hujusque
1587 2239 1791 2323 opera
1836 2247 1993 2303 nata
2047 2247 2145 2303 est
2180 2237 2509 2306 Sodalitas
2552 2238 2675 2303 illa
2708 2239 2891 2303 Rhe-

447 2373 484 2407 <
523 2366 701 2414 nana
752 2355 818 2410 et
862 2343 1255 2412 Dauubiana
1304 2343 1391 2430 (4)
1423 2369 1458 2406 ›
1515 2347 1646 2429 qua
1690 2344 1760 2408 in
1814 2363 2021 2410 unum
2068 2344 2467 2410 humanismi
2509 2344 2803 2410 fautores
2858 2364 2893 2408 e

341 2439 362 2458 ’
443 2453 682 2520 Rheno
731 2449 816 2518 ad
865 2450 1238 2517 Danubium
1280 2460 1875 2537 congregarentur.
1921 2441 2273 2537 Perpauca
2318 2449 2583 2536 quidem
2628 2450 2713 2515 de
2758 2451 2895 2515 illis

445 2557 916 2626 sodalitatibus
935 2558 1312 2642 accepimus
1343 2582 1358 2622 ε
1389 2558 1781 2642 plerumque
1798 2557 2210 2642 proceribus,
2242 2567 2554 2642 tanquam
2576 2550 2890 2642 patroniS,

445 2663 801 2728 utebantur
859 2685 873 2727 ε
935 2682 1110 2728 anno
1155 2665 1332 2728 enim
1370 2661 1562 2740 1502,
1609 2684 1650 2729 a
1686 2664 2073 2730 Philomuso
2115 2655 2369 2730 constat
2422 2663 2587 2732 duas
2633 2663 2896 2728 fabulas

449 2796 484 2831 ‹
523 2768 812 2857 Georgio
843 2788 974 2835 von
1009 2769 1456 2839 Sinzenhofen
1479 2769 1860 2839 sodalitatis
1878 2780 2155 2857 patrono
2181 2771 2493 2857 primario
2512 2769 2599 2857 (5)
2626 2796 2662 2831 »
2693 2769 2895 2837 fuisse

447 2876 806 2945 dedicatas.
847 2878 1004 2947 Non
1052 2864 1326 2945 dubium
1373 2886 1472 2943 est
1511 2878 1668 2961 quin
1709 2878 1795 2943 de
1840 2878 2199 2944 sodalitate
2230 2899 2273 2943 a
2314 2876 2501 2943 Celte
2544 2878 2897 2947 constituta

446 2984 557 3050 hic
582 2993 838 3070 agatur.

532 3090 672 3160 Etsi
701 3099 924 3159 tamen
961 3110 1002 3157 a
1039 3090 1312 3157 Medero
1351 3090 1644 3157 Societas
1681 3090 2011 3157 Rhenana
2044 3074 2111 3157 et
2145 3090 2539 3183 Danubiana
2566 3090 2897 3159 Sodalitas

553 3334 606 3392 1.
646 3334 882 3390 Editum
911 3335 968 3390 in
997 3336 1366 3392 collectaneis
1383 3338 1596 3408 quibus
1615 3338 1998 3395 inscribitur:
2035 3338 2411 3395 «Schardius
2438 3338 2760 3406 redivivu-e,
2777 3339 2898 3395 sive

443 3418 662 3469 Rerum
691 3417 971 3474 German.
1011 3416 1546 3489 mptores.167a
1569 3438 1622 3484 ιο,
1673 3436 1730 3491 p.
1763 3419 1892 3476 ‘2⁶26
1927 3418 2055 3475 Hoc
2102 3420 2457 3491 poematium
2502 3420 2559 3492 (3
2590 3436 2650 3492 p.
2682 3420 2769 3476 in·
2775 3419 2895 3493 fol.)

447 3496 606 3550 nullo
633 3495 864 3561 merito,
895 3502 1105 3567 praeter
1129 3497 1290 3569 pium
1324 3498 1583 3554 auctoris
1609 3498 1672 3556 in
1713 3501 1958 3571 patriam
1984 3500 2267 3565 animum,
2296 3500 2758 3579 commendabile
2780 3507 2891 3555 est.

551 3572 717 3630 Idem
747 3574 975 3631 scilicet
1020 3574 1381 3632 Germanicae
1426 3578 1624 3651 patriae
1653 3580 1915 3635 studium
1943 3580 2094 3655 apud
2135 3596 2339 3635 omnes
2366 3580 2523 3636 illius
2550 3570 2738 3639 aetatis
2766 3578 2895 3637 exi·-

446 3653 600 3710 mios
627 3655 948 3724 scriptores
977 3655 1407 3725 deprehendas,
1438 3672 1546 3713 nec
1572 3657 1688 3715 alio
1711 3660 1969 3729 impulsu
1992 3659 2173 3715 edidit
2200 3658 2621 3716 Melanchtho:
2654 3680 2679 3713 α
2702 3664 2896 3716 Voca-

447 3733 592 3790 bula
621 3733 937 3807 Reqionum
967 3739 1027 3791 et
1054 3736 1324 3809 qentium
1343 3754 1480 3811 quae
1520 3744 1898 3795 recensentur
1936 3739 1999 3795 in
2041 3740 2149 3796 hoc
2195 3739 2393 3796 libello
2450 3740 2646 3797 Taciti
2685 3760 2736 3793 ιι.
2777 3740 2891 3811 Ap.
2946 3774 2956 3782 -

445 3812 828 3881 Schardium,
861 3831 915 3886 p.
949 3814 1037 3873 77.

549 3892 605 3949 2.
645 3891 906 3964 Epistola
947 3895 1302 3953 dedicatoria
1349 3897 1688 3966 Ingolstadii
1715 3916 1768 3953 a.
1803 3899 1859 3955 d.
1886 3898 1957 3955 V.
1991 3900 2122 3956 Kal.
2155 3899 2300 3973 Apr.
2334 3916 2428 3955 an.
2454 3900 2594 3957 1492
2621 3855 2753 3955 data
2781 3905 2891 3955 est.

448 3971 768 4031 Notatione
795 3974 1037 4045 dignum
1065 3983 1176 4043 est,
1209 3981 1328 4034 tota
1352 3978 1450 4034 illa
1475 3984 1662 4046 oetate,
1693 3978 2175 4043 Maximilianum.
2205 3980 2317 4037 etsi
2346 3996 2546 4053 regem
2576 3980 2746 4035 modo
2770 3979 2897 4035 Ro·

449 4068 778 4119 manorum,
801 4071 906 4126 pro
937 4057 1118 4112 unico.
1135 4057 1518 4116 scribentium
1548 4066 1791 4132 patrono
1818 4060 1891 4115 ab
1916 4061 2187 4116 omnibus
2214 4061 2433 4117 haberi.
2464 4061 2657 4116 Testis
2686 4064 2779 4116 est
2799 4076 2892 4115 an.

447 4131 586 4191 1492
610 4130 814 4197 Ceius,
834 4135 956 4205 qui,
980 4137 1092 4192 etsi
1113 4135 1476 4207 Ingolstadii,
1497 4138 1648 4195 intra
1663 4139 1813 4195 fines
1830 4136 2097 4196 Ducattls
2112 4140 2388 4205 Bavariae,
2412 4140 2893 4206 commorabatur,

447 4226 618 4267 suum
648 4212 932 4286 Epitome
949 4234 975 4266 α
997 4218 1150 4273 Sam·
1151 4218 1434 4274 citissimo
1450 4218 1731 4292 principi
1751 4218 1903 4275 Divo
1923 4219 2354 4277 Maximiliano
2372 4221 2679 4277 ΒΙιοηιαπο
2704 4218 2843 4292 Reqi
2864 4240 2893 4269 n

443 4291 676 4355 dicavit,
718 4295 867 4349 etin
895 4294 1244 4353 dedicatoria
1277 4299 1528 4369 epistola
1555 4298 1680 4353 hoec
1709 4300 1881 4355 verba
1914 4299 2261 4371 usurpavit:
2302 4322 2333 4350 ι
2372 4300 2543 4369 Vale,
2568 4316 2679 4355 rex
2710 4298 2893 4354 victo-

445 4371 802 4442 riosissime,
831 4378 906 4443 et,
939 4379 1011 4430 ut
1031 4375 1197 4447 soles,
1231 4376 1400 4433 bonis
1428 4377 1652 4434 litteris
1673 4378 1903 4470 fava»
2394 4406 2399 4415 ·

552 4450 606 4507 3.
649 4451 796 4508 Vide
820 4453 1078 4525 Epistol.
1109 4457 1455 4514 Dedicator.

477 4560 483 4567 ·
556 4530 608 4586 4.
649 4530 930 4590 Mederer.
969 4534 1124 4604 1498,
1162 4534 1210 4606 Ι,
1244 4538 1332 4594 53.

450 4608 611 4757 176ξ.
642 4609 823 4761 1Igeger
843 4613 1142 4751 Pagl3F1na
1151 4633 1254 4672 uei
1255 4616 1304 4672 ’s
1323 4620 1580 4677 Vei-such
1601 4620 1768 4677 einer
1789 4620 2177 4678 Baierischen
2204 4620 2409 4695 yelehr
2413 4624 2509 4676 ten
2531 4616 2892 4677 Gescliichte.

841 4710 878 4765 Ρ
