3564 5588
1631 521 1716 534 --
1761 505 1895 548 Lvl
1940 521 2023 532 -

609 678 646 714 ‹
691 647 1011 718 faciendis
1038 648 1342 736 expensis
1373 654 1566 740 atque
1595 643 1913 713 solvendo
1942 644 2297 714 Minervali
2321 643 2642 712 hactenus
2668 663 2869 732 supra
2891 663 3033 714 mo-

603 753 759 826 dum
789 757 1154 846 gravari.»

691 867 789 932 De
828 840 1209 956 regentibus
1247 841 1607 928 Bursarum
1641 861 1778 928 sive
1812 859 2325 948 praeceptoribus
2357 867 2670 930 statutum
2704 868 2822 928 est.
2858 861 3037 930 Rec-

601 974 759 1043 toris
808 980 950 1038 erat
1006 977 1443 1057 praeceptores
1495 953 1877 1047 observare,
1934 966 2090 1053 quid
2142 977 2445 1055 agerent·
2428 1019 2449 1054 ‚
2512 987 2843 1054 quumque
2894 988 3043 1048 eam

600 1080 930 1167 praecipue
958 1077 1041 1145 ob
1070 1096 1337 1168 causam
1366 1077 1437 1141 in
1466 1074 1680 1170 bursis
1709 1059 1980 1142 licentia
2010 1073 2419 1156 invaluisset,
2452 1073 2649 1162 quod,
2679 1085 3040 1163 praecepto-

598 1187 782 1254 ribus
819 1206 936 1252 seu
972 1186 1040 1251 in
1077 1183 1406 1252 audiendo
1431 1184 1654 1280 seu-in·
1677 1181 1975 1250 docendo
2000 1183 2368 1271 occupatis,
2400 1182 2549 1250 sine
2579 1182 2877 1250 custodia
2912 1182 3041 1252 dis-

599 1296 804 1384 cipuli
857 1301 1153 1390 agerent,
1191 1291 1592 1381 prohibitum
1650 1300 1748 1360 est
1790 1310 1877 1358 ne
1923 1291 2177 1386 decem,
2220 1291 2310 1358 ad
2344 1311 2694 1372 summum,
2736 1289 3043 1379 discipuli

597 1404 732 1493 uni·
748 1402 1139 1491 praeceptori
1181 1383 1708 1485 comitterentur3
1745 1407 2279 1488 praeceptumque
2316 1409 2415 1466 est
2437 1405 2513 1467 ut
2543 1419 2657 1468 eos
2686 1399 2774 1466 ad
2804 1399 3039 1474 lectio-

597 1530 716 1578 nes
761 1511 1083 1598 publicas,
1125 1499 1323 1575 simul
1376 1527 1456 1574 ac
1504 1507 1573 1574 id
1615 1491 1762 1574 fieri
1811 1515 2052 1596 posset,
2107 1516 2549 1596 praeceptores
2584 1507 2714 1596 ipsi
2754 1505 3043 1581 adduce-

515 1683 520 1688 .
594 1627 780 1688 rent·
765 1668 784 1702 ,
835 1615 1244 1704 publicisque
1291 1615 1686 1682 lectionibus
1735 1615 2008 1702 privatae
2054 1615 2126 1680 in
2184 1614 2399 1684 bursis
2453 1615 2799 1696 lectiones,
2856 1615 3042 1700 quasi

597 1725 1153 1813 supplementum,
1200 1722 1627 1791 adderentur.

689 1833 830 1898 Imo
881 1829 1443 1918 Superintendens
1485 1850 1527 1896 a
1568 1831 1750 1897 Duce
1796 1828 2173 1896 Academiae
2221 1828 2517 1896 delectus
2562 1838 2662 1897 est
2693 1828 2805 1915 qui
2842 1829 3043 1895 Ducis

598 1940 865 2007 nomine
886 1964 923 2000 ‹
947 1940 1016 2004 in
1046 1939 1174 2005 hoc
1205 1935 1558 2025 diligenter
1581 1935 1995 2004 incumberet
2020 1946 2093 2003 ut
2116 1937 2577 2004 Universitatis
2602 1935 2777 2003 bene
2800 1935 3043 2003 consti-

605 2073 642 2109 «
690 2056 866 2114 tutus
903 2045 1064 2113 ordo
1097 2054 1162 2112 et
1191 2053 1428 2132 pacata
1462 2045 1904 2130 tranquillitas
1943 2052 2476 2111 conservaretur.
2510 2068 2547 2104 »

688 2154 942 2223 Eodem
983 2135 1301 2242 tempore,
1350 2152 1480 2219 duo
1531 2153 1569 2218 J
1574 2153 1799 2218 esuitae
1834 2151 1930 2218 H.
1972 2150 2337 2220 Arboreus
2382 2155 2451 2219 et
2499 2150 2913 2238 Alphonsus
2960 2149 3045 2217 de

603 2261 885 2328 Pineda
915 2260 1000 2331 ad
1023 2261 1346 2348 gremium
1373 2259 1734 2326 Facultatis
1768 2258 2097 2325 Artisticae
2119 2259 2371 2346 recepti
2399 2267 2572 2338 sunt,
2600 2258 2713 2344 qui
2744 2255 3043 2325 Graecam
3066 2241 3073 2249 ⁴

602 2369 906 2455 linguam
955 2377 1019 2434 et
1061 2366 1557 2464 Philosophiam
1612 2363 2077 2452 profiterentur
2104 2363 2241 2452 (l);
2295 2383 2424 2432 nec
2476 2363 2631 2433 inde
2681 2363 3045 2431 insolenter

602 2476 787 2540 istius
834 2474 1010 2540 modi
1052 2472 1496 2574 promotiones
1553 2474 1889 2539 eveniunt.

694 2583 773 2646 In
794 2580 931 2647 dies
953 2582 1124 2645 enim
1160 2581 1368 2666 magis
1399 2599 1479 2645 ac
1507 2580 1716 2668 magis
1734 2578 2047 2648 Artistica
2070 2580 2383 2647 Facultas
2404 2578 2477 2645 fit
2503 2580 2689 2666 quasi
2706 2578 3045 2646 Societatis

605 2688 643 2753 J
648 2707 764 2752 esu
785 2687 1100 2772 propria:
1133 2687 1274 2751 sine
1306 2705 1492 2751 mora·
1512 2685 1602 2751 ibi
1625 2687 1896 2754 Patrum
1922 2687 2201 2754 invaluit
2223 2687 2596 2767 auctoritas,
2621 2696 2689 2754 et
2712 2687 2770 2753 si
2797 2685 2939 2772 quis
2961 2684 3046 2751 ad

605 2793 912 2860 examina
930 2779 1341 2880 procederet,
1363 2792 1543 2859 haud
1570 2814 1763 2862 secus
1792 2816 1871 2861 ac
1901 2796 1970 2860 in
1998 2794 2403 2883 Theologica
2423 2794 2883 2873 Facultate,.in
2909 2792 3043 2859 Ar-

606 2902 820 2967 tistica
846 2901 928 2968 de
954 2888 1288 2968 candidati
1320 2898 1473 2980 fide,
1512 2900 1591 2967 de
1627 2902 1887 2970 sincera
1920 2903 2103 2968 illius
2126 2903 2453 2991 religione
2479 2904 2689 2989 magis
2720 2922 2801 2969 ac
2828 2900 3047 2988 -magis

606 3010 873 3094 quaestio
923 2996 1086 3074 erat.
1138 3008 1240 3073 Ita
1270 3009 1530 3075 occasio
1568 3019 1799 3076 contra
1838 3010 1876 3075 J
1881 3011 2121 3075 esuitas
2154 3008 2537 3077 decertandi
2567 3008 3049 3096 professoribus

607 3116 952 3182 nonnullis
995 3113 1148 3181 data
1194 3124 1312 3193 est,
1364 3132 1668 3201 annoque
1709 3113 1914 3196 1564,
1943 3114 2271 3184 Artisticae
2308 3116 2673 3183 Facultatis
2712 3114 3042 3217 professo-

607 3240 716 3287 res
748 3220 834 3309 (2)
865 3222 1206 3309 epistolam
1239 3223 1322 3289 ad
1357 3225 1702 3291 Erasmum
1729 3222 2091 3289 Wendium
2125 3224 2443 3290 miserunt
2465 3224 2606 3308 qua
2616 3230 3047 3311 quererentur

609 3329 852 3413 quod:

549 3434 556 3439 '
703 3461 737 3495 ‹
771 3437 1030 3502 Domini
1062 3436 1144 3502 de
1182 3438 1508 3504 Societate
1542 3438 1604 3503 J.
1645 3437 1730 3504 ad
1760 3439 2076 3503 honorem
2110 3447 2174 3503 et
2200 3438 2448 3525 gradus⁴
2472 3440 2898 3507 scholasticos
2925 3437 3043 3504 ad-

615 3567 649 3601 «
683 3542 1075 3608 mittendum
1105 3554 1443 3623 censeant,
1484 3546 1611 3610 nisi
1642 3545 1753 3630 qui
1779 3553 1966 3611 recta
1996 3554 2188 3629 atque
2223 3555 2494 3633 repente
2519 3546 2755 3612 falsam
2787 3545 2870 3612 de
2899 3546 3041 3633 pie-

615 3674 648 3709 «
687 3640 819 3714 ta'te
865 3650 1237 3737 opinionem
1285 3649 1688 3740 abjuraverit
1741 3676 1754 3716 ε
1816 3652 1926 3737 qui
1979 3652 2159 3739 rigor
2212 3662 2406 3739 atque
2480 3654 2815 3741 asperitas-
2844 3672 3044 3738 quum

614 3780 648 3814 ‹
685 3746 892 3834 len'eS,
916 3756 1240 3825 modestos
1259 3767 1324 3824 et
1346 3758 1724 3825 tractabiles
1745 3759 1996 3826 animos
2009 3760 2333 3847 Juvenum
2354 3761 2568 3846 potius
2592 3761 2832 3827 excitet
2852 3768 3045 3843 atque

615 3886 648 3919 α
689 3860 1043 3929 obstinatos
1072 3863 1307 3930 reddat
1340 3884 1537 3951 quam
1564 3866 1836 3953 mitiget,
1870 3865 2399 3952 scholariumque
2430 3876 2493 3933 et
2522 3867 2849 3953 praecipue
2882 3883 3039 3931 can-

615 3991 649 4025 «
689 3966 1059 4036 didatorum
1096 3990 1448 4037 numerum
1475 3973 1904 4059 vehementer
1937 3973 2374 4039 imminuat.»

700 4074 1216 4144 confitentibus
1201 4080 1356 4165 1psis
1386 4078 1894 4165 professoribuS,
1933 4090 2357 4166 compertum
2366 4080 2720 4147 habemus'
2706 4100 2775 4146 m
2799 4050 3043 4145 Facul-

609 4190 738 4249 tate
785 4182 1109 4263 Artistica‚
1153 4205 1352 4270 quum
1390 4184 1470 4251 de
1505 4185 1919 4252 examinibus
1955 4196 2284 4275 ageretur,
2327 4188 2516 4255 nullo
2545 4187 2738 4254 modo
2764 4186 2845 4253 de
2878 4186 3042 4252 reli-

718 4450 772 4508 1.
809 4450 1094 4522 Mederer,
1125 4452 1176 4523 Ι,
1206 4470 1259 4526 p.
1297 4453 1423 4512 273.

713 4531 769 4587 ⁶2.
808 4530 933 4589 Etsi
961 4550 1142 4607 prona
1171 4535 1231 4591 in
1257 4534 1516 4591 Jesuitas
1551 4533 1770 4592 Mederi
1798 4535 2063 4594 voluntas
2089 4541 2202 4603 est,
2240 4551 2355 4593 non
2384 4536 2661 4595 memorat
2687 4509 3045 4617 professores

608 4610 903 4669 exstitisse
937 4614 1035 4687 qui
1061 4632 1096 4671 a
1119 4615 1345 4672 caeteris
1369 4614 1430 4671 in
1456 4632 1527 4671 eo
1561 4614 1896 4672 discrimine
1910 4616 2325 4674 dissenserint.
2803 4649 2809 4655 ·
